3720 5566
592 551 729 607 caurus
755 553 912 608 uncinus
937 555 1066 609 nouus.
1365 547 1410 614 33

241 699 318 767 met
337 700 375 767 et
400 694 619 788 praeconizet
637 702 758 770 vestra
775 696 862 771 vitia
879 703 916 770 et
933 695 1116 791 supplitia3
1135 704 1172 772 et
1192 706 1293 775 certe
1311 702 1411 776 nulla

241 820 296 886 est
323 812 410 884 tuba
436 812 590 886 viventis
615 833 699 907 quae
724 814 773 887 ita
799 814 941 889 fecisset
961 820 1047 887 nota
1069 816 1166 888 mala
1187 818 1353 914 istorum,
1375 827 1413 894 ct

241 952 328 1019 ecce
352 931 540 1006 ordinem:
560 925 652 1025 perd
683 936 743 1005 alte
772 936 863 1006 aella
894 941 993 1006 terzo
1022 934 1139 1025 bolpio
1171 942 1266 1009 stote.
1281 979 1330 991 -
1346 931 1413 1012 ctat

242 1074 396 1126 mavum.
423 1053 489 1126 Hic
513 1058 622 1126 autor
648 1053 742 1128 iacta
767 1054 1031 1128 exclamatione
1056 1054 1246 1151 condigna,
1272 1057 1411 1132 descri-

242 1174 294 1248 bit
319 1176 441 1249 locum
468 1173 515 1247 ad
541 1193 652 1266 quem
678 1173 919 1267 devenerunt,
938 1179 979 1246 ut
996 1173 1047 1246 sic
1072 1174 1183 1249 intret
1204 1176 1411 1272 materiam,

242 1294 385 1368 dicens:
416 1283 483 1366 Gid
507 1313 654 1365 mavum
679 1297 824 1366 mentali
849 1296 892 1366 de
916 1296 950 1365 lo
975 1297 1105 1383 scopite
1136 1315 1159 1366 a
1191 1298 1228 1367 la
1252 1301 1410 1386 sepomte

244 1415 372 1505 onon,
398 1412 490 1487 idest
505 1413 551 1486 ad
570 1413 716 1486 tertiam
734 1414 909 1509 bulgiam,
931 1434 1042 1507 quam
1066 1408 1175 1490 autor
1192 1415 1287 1490 bene
1303 1423 1412 1490 vocat

240 1534 422 1626 tumbam,
447 1533 536 1606 idest
561 1533 801 1628 sepulturam,
827 1533 914 1627 quia
950 1532 986 1605 in
1016 1553 1060 1607 ea
1090 1539 1175 1606 sunt
1200 1535 1331 1629 sepulti
1361 1535 1411 1608 si-

240 1652 410 1746 moniaci,
436 1653 621 1725 utstatim
648 1652 794 1747 patebit.
818 1651 1020 1725 Veniebant
1044 1651 1142 1725 enim
1169 1672 1234 1746 per
1260 1661 1409 1748 pontem

240 1772 357 1849 tertiae
387 1772 532 1867 bulgiae,
561 1779 599 1846 et
627 1773 707 1866 jam
723 1766 759 1863 (¹)
795 1777 1038 1866 pervenerant
1073 1771 1120 1845 ad
1151 1773 1299 1846 culmen
1330 1794 1411 1847 me-

238 1892 341 1966 dium
356 1882 393 1983 (Ἰ)
411 1890 532 1985 ipsius,
550 1890 632 1964 ideo
651 1890 755 1964 dicit:
774 1894 809 1961 in
828 1893 941 1981 quello
953 1896 1058 1982 parte
1074 1892 1125 1962 clt'
1139 1912 1162 1962 o
1174 1897 1299 1983 ponto,
1319 1891 1412 1969 idest

239 2009 589 2106 perpendiculariter
606 2016 643 2084 et
659 2009 806 2102 directe,
820 2009 976 2101 ptbmba,
994 2008 1084 2082 idest
1100 2009 1211 2084 trabit
1229 2009 1275 2082 ad
1291 2010 1410 2104 plom-

239 2129 366 2203 binum
383 2120 431 2222 (³),
458 2149 569 2221 sopra
592 2132 620 2201 tt
642 2149 764 2201 mezzo
786 2132 898 2221 fosso,
921 2127 1007 2220 quia
1033 2126 1152 2201 media
1178 2149 1262 2222 pars
1292 2128 1409 2222 pontis

239 2248 432 2344 respondet
446 2237 483 2339 (⁴)
510 2248 727 2342 punctaliter
752 2267 861 2340 supra
889 2246 1048 2319 medium
1070 2246 1181 2318 vallis.
1204 2247 1247 2318 Et
1271 2246 1409 2320 descri-

237 2374 370 2462 pturus
386 2373 497 2440 autor
518 2386 666 2461 poenam
693 2366 925 2461 peregrinam
942 2365 1109 2457 istorum,
1131 2366 1254 2460 incipit
1275 2387 1408 2459 aqua-

238 2487 323 2560 dam
350 2485 616 2560 exclamatione
640 2484 868 2580 admirativa,
885 2491 922 2560 et
941 2484 1100 2580 dirigens
1126 2506 1335 2559 sermonem
1361 2486 1407 2559 ad

238 2607 370 2699 licum,
397 2605 461 2699 qui
486 2614 561 2679 tam
582 2605 683 2698 juste
707 2604 822 2698 punit,
848 2604 955 2677 dicit:
992 2608 1023 2677 O
1053 2625 1189 2677 sommo
1213 2608 1407 2696 remensia,

237 2724 371 2799 scilicet
395 2723 527 2817 divina,
553 2720 747 2814 annotate
772 2727 896 2815 loru,
914 2724 1018 2817 quasi
1042 2723 1137 2799 dicat
1162 2724 1268 2798 valde
1294 2724 1407 2798 mira·

236 2844 328 2937 bilis,
353 2846 413 2915 cite
437 2846 561 2915 mosot
583 2847 621 2915 tn
645 2845 743 2934 cote,
769 2844 856 2937 quia
886 2843 951 2917 das
975 2840 1139 2917 diversos
1164 2843 1300 2939 gradus
1326 2844 1407 2938 glo-

235 2963 301 3035 riae
327 2961 364 3034 in
388 2961 482 3035 coelo
507 2961 645 3056 angelis
670 2966 707 3035 et
732 2961 858 3054 beatis,
883 2964 921 3033 in
947 2970 1080 3034 terrae
1101 2965 1160 3035 nel
1174 2965 1249 3035 mal
1263 2965 1406 3053 mondo,

236 3081 327 3156 idest
352 3082 389 3155 in
415 3082 557 3155 inierno
574 3087 649 3155 tam
671 3081 885 3174 viventium,
908 3102 1020 3175 quam
1044 3087 1277 3155 mortuorum
1293 3074 1344 3175 (⁵),
1365 3089 1408 3155 ut

235 3207 345 3295 patet,
363 3202 451 3295 quia
477 3200 646 3276 omnibus
662 3200 724 3274 dat
738 3190 774 3292 (⁶)
794 3221 921 3296 poenas
938 3201 1089 3274 meritas
1107 3201 1310 3274 secundum
1329 3202 1408 3276 eni-

236 3321 397 3416 gcntiam
421 3328 669 3416 peccatorum,
696 3327 868 3411 equanto
891 3323 1017 3410 musto,
1042 3320 1134 3394 idest
1159 3326 1196 3396 et
1222 3327 1404 3414 quantum

232 3441 394 3535 justitiae,
419 3448 478 3514 toa
503 3437 600 3514 vertd
624 3446 822 3533 comportet
845 3439 936 3513 idest
968 3440 1322 3534 proportionabiliter
1352 3442 1407 3515 di-

235 3559 382 3633 stribuit
406 3559 524 3633 dando
541 3559 740 3653 unicuique
751 3559 952 3654 justissime
969 3560 1068 3653 quod
1085 3561 1255 3634 convenit
1272 3567 1309 3634 et
1326 3582 1407 3635 me-

237 3686 351 3755 retur.
366 3720 416 3734 -
428 3684 469 3752 lo
488 3681 567 3751 vidi.
595 3678 659 3752 llic
676 3687 785 3754 autor
802 3679 973 3754 describit
990 3679 1106 3775 ipsam
1121 3669 1159 3771 (⁷)
1174 3701 1331 3774 poenam.
1350 3681 1403 3754 dd

237 3801 342 3873 cuius
361 3799 633 3895 intelligentiam
651 3804 707 3872 est
721 3799 883 3873 breviter
901 3798 1102 3873 notandum
1115 3789 1164 3892 (⁸),
1179 3800 1277 3893 quod
1295 3821 1404 3896 poena

237 3920 389 3995 istorum
416 3925 471 3994 est
500 3918 592 4011 talis,
626 3918 771 4012 scilicet,
798 3918 897 4012 quod
922 3924 1019 3991 stant
1047 3918 1175 3992 inclusi
1207 3925 1244 3993 et
1275 3919 1406 4014 sepulti

236 4040 325 4113 recti
350 4040 387 4112 in
412 4037 651 4112 foraminibus
669 4043 778 4110 terrae
795 4057 881 4111 cum
899 4037 1077 4132 capitibus
1095 4037 1268 4112 deorsum
1287 4043 1324 4112 et
1339 4057 1406 4131 pe-

234 4156 340 4231 dibus
365 4177 526 4250 sursum,
548 4176 708 4249 quorum
735 4155 866 4249 plantae
882 4155 1018 4249 pedum
1040 4147 1298 4247 aduruntur-(⁹)
1317 4175 1407 4228 con-

297 4348 325 4410 [¹)
341 4349 366 4399 8.
382 4349 427 4399 its.
910 4347 937 4408 (²)
953 4347 979 4397 S.
995 4348 1111 4397 medium
1127 4346 1220 4409 pontis,
1237 4345 1304 4395 ideo.
1404 4336 1410 4353 ⁸

296 4423 323 4486 (¹)
339 4423 365 4474 S.
382 4423 526 4486 plombum.
909 4422 936 4484 (⁸)
952 4423 983 4472 tt.
1000 4421 1132 4485 respondit
1149 4421 1331 4485 punctualiter.

296 4499 324 4560 (¹)
340 4500 371 4549 E.
387 4499 565 4550 morientium.
910 4496 937 4558 Γ)
952 4497 978 4548 S.
994 4498 1047 4548 dar.

297 4574 324 4637 (’)
340 4579 395 4635 llo,
412 4575 635 4636 describitistam.
908 4572 936 4635 (“)
951 4574 977 4625 S.
993 4575 1134 4626 sciendum.

297 4650 325 4712 (·)
342 4655 396 4710 lto,
415 4652 614 4703 comburuntur.

368 4758 399 4802 tt.
1257 4758 1271 4799 8
