3720 5566
432 456 479 524 ΞΩ
829 468 1032 523 counuruu
1056 470 1207 522 manum

433 615 663 691 reconciliata
689 614 755 688 sibi
780 635 899 689 uxore
924 614 1060 707 Medea,
1088 613 1218 689 redivit
1243 614 1279 687 in
1305 615 1474 711 colchos3
1501 615 1548 690 ibi
1564 610 1602 710 (¹)

432 756 566 834 magna
591 735 728 810 virtute
753 741 790 809 et
813 734 982 809 felicitate
998 756 1065 810 sua
1085 734 1276 828 acquisivit
1294 756 1451 833 regnum
1474 739 1603 833 soceri,

432 856 496 949 qui
521 863 601 930 erat
626 857 811 950 expulsus
838 855 976 949 etipse
1005 855 1093 930 exul
1123 855 1270 929 exulem
1303 855 1450 930 reduxit
1476 857 1512 931 in
1537 878 1603 953 pa-

432 976 538 1050 triam
558 977 595 1050 in
613 976 988 1070 recompensationem
1007 976 1226 1071 injuriarum
1250 976 1508 1071 antiquarum;
1527 978 1601 1052 imo

431 1095 616 1190 ampliavit
642 1115 799 1192 regnum
823 1096 1035 1170 colchorum
1055 1096 1178 1169 multis
1198 1096 1351 1170 urbibus
1367 1098 1491 1192 captis
1508 1099 1603 1173 sicut

431 1217 593 1291 lustinus
619 1215 741 1289 scribit
748 1239 758 1310 ;
784 1216 848 1289 sed
874 1215 1037 1292 victora
1063 1216 1323 1310 septemtrione
1349 1220 1501 1312 parabat
1526 1220 1603 1295 bel-

431 1337 508 1411 lum
534 1337 581 1409 ab
605 1336 747 1410 oriente
772 1343 900 1410 contra
925 1357 1061 1432 persas,
1088 1335 1151 1411 sed
1176 1336 1363 1411 infeliciter
1389 1337 1601 1413 interfectus

431 1464 486 1533 est
499 1478 521 1531 a
534 1456 620 1531 suis.
635 1456 735 1530 Siout
747 1456 845 1530 enim
860 1457 983 1530 scribit
997 1457 1162 1531 Valerius
1180 1457 1320 1551 accidit,
1334 1457 1433 1552 quod
1451 1457 1600 1551 quidam

426 1578 583 1673 iuvenes
613 1576 807 1650 familiares
832 1577 890 1650 sui
916 1576 1038 1651 nescio
1067 1598 1142 1670 qua
1167 1577 1213 1651 de
1238 1598 1351 1651 causa
1376 1578 1601 1653 verberave-

431 1703 518 1771 runt
544 1695 761 1791 magistrum
788 1696 886 1789 salae,
905 1695 968 1768 ubi
985 1695 1119 1770 fiebant
1136 1695 1231 1789 ludi3
1250 1697 1309 1771 ille
1326 1704 1549 1791 conquestus
1563 1689 1601 1790 (²)

431 1810 486 1890 est
511 1813 648 1888 Iasoni:
676 1814 783 1887 Iason
816 1814 852 1887 in
887 1814 1167 1889 satisfactionem
1195 1814 1338 1908 injuriae
1370 1816 1468 1890 dedit
1499 1816 1548 1888 illi
1562 1806 1599 1908 (³)

430 1934 657 2028 electionem,
671 1933 770 2027 quod
785 1922 821 2026 (⁸)
841 1934 899 2008 vel
916 1933 1099 2027 acciperet
1116 1934 1167 2008 eis
1189 1935 1335 2031 triginta
1352 1935 1521 2010 denarios
1540 1937 1598 2010 vel

429 2055 534 2129 daret
559 2054 708 2150 singulis
725 2054 852 2128 decem
872 2053 1038 2128 verbera.
1058 2053 1120 2127 llle
1136 2054 1275 2128 avidior
1293 2054 1460 2128 vindicte
1486 2076 1599 2148 quam

431 2174 596 2269 pecuniae
620 2173 729 2270 clegit
755 2172 946 2246 ultimum:
959 2174 1117 2268 juvenes
1133 2194 1200 2266 pro
1218 2174 1438 2248 verecundia
1458 2175 1599 2249 accensi

431 2292 676 2390 indignatione
701 2298 739 2366 et
764 2292 819 2366 ira
848 2293 1018 2367 Jasonem
1050 2292 1295 2386 improvidum
1328 2293 1599 2369 interfecerunt.

431 2415 488 2489 Sic
515 2435 605 2511 ergo
629 2419 729 2508 patet
754 2413 853 2507 quod
879 2415 987 2488 tason
1011 2414 1074 2507 qui
1092 2414 1228 2488 fecerat
1245 2414 1334 2488 alios
1351 2415 1441 2488 caedi
1458 2415 1599 2509 palmis,

430 2536 506 2630 ipse
531 2535 643 2630 virgis
668 2533 796 2608 ferreis
820 2533 1013 2608 baculatus
1038 2540 1103 2607 cst.
1119 2573 1169 2586 -
1184 2538 1257 2605 Coo
1286 2536 1342 2605 lui.
1375 2534 1438 2607 llic
1471 2534 1600 2607 ultimo

429 2663 539 2731 autor
565 2656 737 2730 terminat
768 2655 873 2727 istam
902 2653 1095 2728 materiam
1123 2659 1160 2728 et
1186 2674 1345 2749 poenam,
1380 2655 1602 2729 concludens

429 2776 502 2850 sic:
529 2777 596 2865 citi,
621 2775 713 2848 idest
738 2774 976 2868 quicumque,
1006 2777 1179 2864 trzqanua,
1210 2774 1346 2848 scilicet
1378 2774 1552 2850 mulieres
1579 2795 1600 2849 a

429 2895 563 2989 quibus
589 2894 727 2988 recepit
755 2894 932 2968 beneficia
962 2913 1108 2989 magna,
1134 2892 1228 2967 sicut
1254 2894 1363 2967 Iason
1388 2895 1435 2967 ab
1460 2895 1602 2990 lsiphile

429 3020 467 3089 et
491 3012 627 3107 Medea,
645 3015 694 3086 du
718 3016 902 3107 taiperto,
920 3013 1010 3087 idest
1037 3013 1098 3087 tali
1123 3013 1244 3107 modo,
1262 3013 1397 3086 scilicet
1413 3034 1498 3086 cum
1518 3014 1601 3088 licto

428 3143 466 3211 et
492 3134 607 3208 fallaci
632 3154 772 3227 amore,
798 3154 859 3206 seo
884 3155 930 3206 oo
955 3155 1020 3206 con
1046 3136 1106 3225 lui,
1129 3134 1234 3227 quasi
1258 3134 1374 3207 dicat:
1405 3133 1522 3207 currit
1544 3134 1602 3207 fu-

428 3254 561 3352 giendo
585 3254 654 3327 sub
680 3254 809 3329 eadem
835 3275 955 3350 plena,
981 3254 1031 3329 ita
1063 3253 1162 3348 quod
1193 3255 1280 3328 socii
1314 3254 1350 3326 in
1383 3255 1491 3349 culpa
1516 3262 1602 3329 sunt

428 3376 514 3452 socii
542 3376 578 3449 in
605 3396 722 3470 poena.
741 3376 785 3447 Et
810 3374 911 3449 dicit:
930 3397 948 3447 e
968 3382 1085 3468 questo
1110 3375 1199 3447 tosti
1221 3396 1327 3467 super
1353 3377 1397 3448 de
1424 3379 1458 3448 lo
1480 3378 1601 3467 nmmo

429 3499 532 3587 oolla,
557 3494 648 3569 idest
673 3495 845 3591 bulgiae
868 3497 907 3567 dt
930 3498 1029 3567 color
1053 3497 1112 3567 cite
1136 3498 1174 3567 iu
1197 3516 1235 3566 se
1259 3514 1430 3585 ossanna,
1448 3494 1539 3568 idest
1555 3493 1601 3567 dc

427 3616 562 3712 punitis
588 3614 624 3687 in
650 3635 712 3708 ea3
739 3614 843 3708 quasi
868 3614 963 3689 dieat
981 3621 1108 3688 autor:
1127 3634 1245 3708 pauca
1265 3614 1399 3690 suflicit
1415 3613 1538 3688 dicere
1554 3611 1601 3685 de

428 3737 490 3812 tali
515 3735 682 3828 materia,
708 3742 744 3809 et
775 3755 865 3810 vere
897 3741 1006 3809 autor
1037 3734 1126 3808 dixit
1159 3755 1289 3829 pauca,
1316 3734 1378 3809 sed
1410 3734 1539 3829 pulcre
1564 3738 1601 3805 et

428 3855 607 3931 subtiliter
632 3853 836 3928 secundum
863 3853 1065 3927 subiectam
1093 3853 1296 3928 materiam.

505 3966 572 4049 th
596 3996 752 4048 mavum.
778 3975 849 4047 lsta
875 3980 930 4048 est
955 3979 1087 4068 quarta
1104 3979 1141 4047 et
1158 3973 1288 4047 ultima
1310 3993 1394 4068 pars
1419 3970 1602 4069 generalis

428 4097 537 4173 huius
562 4093 721 4189 capituli,
747 4093 784 4165 in
811 4114 885 4187 qua
909 4099 1018 4166 autor
1048 4092 1124 4188 agit
1149 4100 1186 4167 et
1211 4098 1345 4166 tractat
1369 4091 1416 4167 de
1441 4090 1601 4166 secunda

428 4218 548 4316 specie
573 4215 720 4310 fraudiS,
739 4235 823 4308 quae
849 4223 1003 4291 vocatur
1027 4212 1200 4307 adulatio,
1220 4232 1304 4306 quae
1321 4212 1471 4306 punitur
1488 4212 1526 4284 in
1544 4228 1603 4285 se-

427 4338 548 4413 cunda
573 4336 717 4433 bulgia3
744 4337 791 4411 de
816 4335 922 4410 cuius
951 4354 1058 4429 poena
1083 4332 1246 4406 breviter
1271 4338 1381 4405 autor
1407 4336 1539 4407 tractat
1565 4331 1602 4403 in

489 4525 516 4583 fl
530 4523 562 4572 E·
578 4522 632 4571 ubl·
819 4523 848 4584 (²)
864 4522 890 4572 S.
906 4526 1013 4586 quastus
1028 4524 1069 4570 eat
1084 4519 1181 4571 Iasoni.
1379 4516 1455 4580 (¹)13.
1471 4516 1504 4567 at.

489 4598 518 4661 θ)
535 4602 589 4658 llo,
605 4601 675 4663 quod
692 4599 770 4651 redet
785 4599 902 4662 accipere
919 4597 1023 4661 triginta
1039 4595 1166 4657 denarios,
1183 4596 1225 4649 rel
1240 4596 1303 4647 darc
1319 4593 1435 4658 siugulis.
