3720 5566
436 457 482 522 50
835 463 1040 520 counuruu
1065 466 1217 518 rursum
1331 440 1335 447 '

437 619 585 687 statum.
612 611 706 686 Cum
725 630 816 705 ergo
833 609 1036 684 cardinales
1053 609 1236 684 stetissent
1260 614 1344 682 octo
1359 602 1397 701 (⁴)
1423 610 1613 684 mensibus

436 733 566 805 inclusi
591 753 614 805 a
639 730 825 805 Perusinis
850 730 887 802 in
913 729 1088 825 conclavi,
1111 734 1148 802 et
1163 720 1199 821 (²)
1219 749 1294 802 non
1311 735 1459 823 possent
1475 749 1613 804 conve·

437 852 528 946 nire,
554 850 746 926 cardinalis
776 849 955 945 pratensis
987 848 1243 944 sagacissimus
1276 849 1458 944 persuasit
1488 850 1525 924 in
1553 870 1613 925 se-

438 979 540 1046 creto
579 971 728 1045 domino
766 969 959 1043 Francisco
989 969 1129 1043 Gaiano
1145 959 1195 1063 (³),
1235 968 1334 1062 quod
1367 968 1547 1065 eligerent
1575 970 1613 1042 in

438 1112 570 1189 papam
587 1091 780 1166 dominum
793 1089 1055 1186 Raymundum
1072 1089 1119 1164 de
1135 1089 1276 1183 Grotto,
1297 1089 1613 1186 archiepiscopum

438 1211 756 1307 burdegalensem,
782 1209 973 1283 inimicum
999 1209 1096 1304 regis
1121 1209 1295 1302 Franciae,
1321 1215 1471 1305 propter
1497 1211 1614 1284 olien-

438 1353 518 1406 sam
544 1331 678 1405 iactam
704 1330 772 1403 illis
796 1329 843 1404 de
867 1329 978 1404 domo
1004 1349 1072 1402 sua
1100 1349 1166 1425 per
1198 1330 1372 1405 Carolum
1402 1330 1449 1405 de
1481 1331 1614 1426 Valois,

439 1454 592 1527 fratrem
618 1451 731 1548 ipsius
756 1451 853 1545 regis
879 1450 915 1523 in
940 1450 1037 1525 bello
1059 1450 1265 1544 Vasconiae3
1287 1457 1329 1524 ut
1353 1451 1404 1526 sic
1421 1451 1615 1525 cardinalis

440 1574 631 1647 llatlhaeus
662 1572 709 1647 dc
740 1572 878 1646 Ursinis
908 1571 1131 1646 consentiret
1162 1593 1249 1646 cum
1282 1578 1387 1668 parte
1422 1593 1502 1667 sua,
1528 1573 1616 1667 quia

441 1712 508 1766 rer
534 1692 697 1766 Franciae
728 1691 912 1787 Philippus
949 1692 1076 1786 pulcer
1109 1697 1190 1766 erat
1219 1692 1363 1766 amicus
1394 1693 1617 1768 Columnen-

441 1812 549 1906 sium,
576 1832 662 1885 cum
693 1812 828 1905 quibus
859 1811 1094 1887 destruxerat
1126 1811 1364 1886 Boniiacium.
1394 1813 1474 1900 Quo
1508 1812 1615 1904 lacto,

441 1931 633 2006 cardinalis
658 1931 704 2006 dc
733 1932 843 2005 Prato
874 1951 961 2004 cum
994 1937 1098 2026 parte
1128 1952 1209 2026 sua,
1233 1930 1428 2028 ignorante
1453 1937 1559 2027 parte
1575 1919 1615 2023 θ)

443 2051 672 2146 Ursinorum,
688 2051 785 2125 misit
802 2050 1046 2126 secretissime
1062 2057 1100 2126 et
1116 2051 1408 2125 festinantissime
1424 2071 1616 2126 cursorem

444 2191 466 2243 a
492 2171 644 2245 Perusio
669 2171 829 2245 Parisius
854 2192 941 2245 cum
967 2170 1081 2245 literis
1106 2170 1152 2244 ad
1178 2192 1304 2268 regem
1323 2171 1527 2267 Philippum
1554 2192 1617 2246 ro-

445 2291 627 2386 gantibus,
643 2292 743 2386 quod
760 2291 789 2365 si
802 2292 948 2367 volebat
962 2311 1187 2386 recuperare
1203 2314 1313 2366 suum
1328 2298 1464 2366 statum
1479 2314 1565 2367 cum
1579 2285 1616 2386 (ὅ)

445 2411 611 2505 ecclesia,
637 2418 675 2486 et
707 2411 875 2486 relevare
900 2411 1165 2486 Columnenses
1194 2411 1331 2486 amicos
1357 2434 1456 2507 suos,
1481 2413 1619 2488 laceret

444 2530 512 2604 sibi
545 2531 591 2606 de
629 2531 775 2605 inimico
813 2529 975 2604 amicum
1010 2532 1270 2627 Raymundum
1302 2533 1618 2627 archiepiscopum

443 2652 765 2747 burdegalensem,
784 2651 846 2745 qui
866 2657 947 2725 erat
964 2652 1103 2726 electus
1124 2658 1314 2747 tamquam
1335 2652 1504 2728 inimicus
1522 2652 1620 2749 regis

444 2790 511 2866 per
545 2772 654 2845 aliam
685 2779 840 2864 partem.
875 2770 1059 2866 Philippus
1093 2771 1254 2846 solicitus
1291 2773 1411 2846 statim
1447 2772 1544 2846 misit
1578 2772 1621 2845 li-

447 2898 545 2964 teras
560 2881 597 2982 (⁶)
624 2891 835 2966 amicabiles
860 2891 897 2964 in
928 2890 1144 2964 vasconiam
1183 2891 1230 2965 ad
1268 2892 1406 2968 dictum
1438 2892 1619 2987 archiepi-

446 3029 611 3105 scopum,
638 3010 737 3105 quod
766 3011 909 3084 veniret
942 3010 1010 3083 sibi
1042 3010 1201 3104 obviam,
1228 3010 1315 3104 quia
1352 3011 1427 3088 ibat
1455 3011 1502 3086 ad
1533 3032 1620 3086 eum

445 3131 638 3204 locuturus
664 3131 730 3205 sibi
755 3151 823 3227 pro
849 3151 917 3205 suo
943 3151 1080 3237 magno
1105 3131 1300 3206 commodo
1331 3138 1369 3207 et
1397 3134 1550 3208 honore.
1578 3134 1623 3207 Et

445 3250 607 3325 breviter
640 3270 706 3325 rex
736 3250 829 3323 infra
860 3270 925 3324 sex
959 3249 1036 3324 dies
1067 3250 1136 3323 fuit
1167 3251 1407 3345 personaliter
1439 3274 1526 3327 curn
1558 3274 1622 3329 ar·
1743 3310 1748 3319 .

446 3369 674 3465 chiepiscopo
700 3377 841 3444 secrete
863 3390 951 3443 curn
969 3369 1096 3462 paucis
1113 3369 1150 3443 in
1168 3391 1242 3444 una
1267 3371 1413 3446 abbatia
1430 3372 1621 3448 forinseca.

447 3490 498 3563 lbi
512 3479 550 3581 (⁷)
576 3490 700 3566 audita
725 3490 836 3565 missa
857 3491 1081 3587 juraverunt
1112 3489 1335 3565 credentiam
1370 3491 1435 3564 sibi
1465 3492 1622 3567 invicem

449 3630 561 3705 super
586 3610 702 3684 altari.
722 3610 766 3683 Et
786 3631 852 3685 rex
870 3610 1065 3705 Philippus,
1084 3612 1281 3705 praemissis
1301 3612 1484 3707 aliquibus
1500 3613 1624 3688 verbis

449 3730 597 3824 placidis
610 3730 656 3803 ad
670 3731 979 3805 reconciliandum
997 3730 1311 3827 archiepiscopum
1321 3721 1357 3824 (⁸)
1373 3752 1459 3806 cum
1474 3734 1624 3809 domino

450 3851 581 3925 Carolo
606 3850 652 3925 de
677 3851 797 3924 Valois
827 3850 940 3924 fratre
971 3851 1080 3945 regis,
1106 3852 1169 3944 qni
1200 3858 1353 3927 vocatus
1383 3859 1439 3928 est
1470 3855 1626 3930 Carolus

450 3970 528 4045 sine
553 3972 678 4065 Tarra,
703 3971 749 4045 de
774 3992 849 4066 quo
880 3970 965 4044 alibi
996 3970 1134 4044 dictum
1165 3978 1231 4067 est,
1257 3979 1295 4048 et
1326 3973 1480 4069 dicetur,
1509 3974 1624 4050 dixit:

451 4091 551 4186 Vide,
569 4091 857 4187 archiepiscope:
885 4091 922 4164 in
948 4112 1061 4165 manu
1080 4112 1165 4167 mea
1187 4099 1242 4168 est
1268 4095 1390 4172 lacere
1417 4105 1454 4172 te
1478 4119 1624 4193 papam,

515 4344 542 4406 (¹)
561 4348 614 4405 ¹10,
631 4359 735 4397 norem.
1063 4345 1091 4410 (¹)
1107 4348 1138 4398 Ε.
1155 4353 1253 4400 utnon
1271 4356 1383 4412 possent.

515 4421 542 4483 (⁸)
558 4421 588 4471 E.
605 4422 720 4473 Gnatano
737 4423 807 4487 quod
822 4423 941 4488 eligeret.
1062 4424 1089 4485 (⁸)
1108 4429 1161 4484 llo,
1179 4426 1228 4476 alia
1245 4432 1319 4490 pario
1335 4428 1500 4478 Ursinorum.

517 4498 544 4559 (⁸)
561 4501 615 4557 1111,
633 4501 659 4549 in
675 4500 791 4551 ecclesia.
1061 4501 1092 4561 (⁸)
1106 4500 1138 4550 E.
1153 4501 1257 4551 literam
1272 4503 1299 4552 in
1316 4503 1479 4553 Vasconiam.

517 4575 544 4635 ζ’]
561 4575 592 4624 Ε.
609 4575 660 4625 nbi.
1065 4576 1092 4640 (⁸)
1108 4577 1138 4627 E.
1155 4578 1240 4641 iprum
1257 4580 1488 4644 archiepiscopum.
