3720 5566
428 505 451 570 l
825 514 1028 571 conburunt
1053 516 1206 569 lNFEltNl

426 660 536 735 etiam
563 659 767 734 munimine
792 680 989 755 aquarum,
1016 682 1035 734 c
1062 662 1184 751 scoplt,
1210 658 1302 733 idest
1334 664 1462 755 pontes
1486 658 1601 750 saxei,

424 780 484 852 cle
508 782 685 871 recideun,
711 778 802 853 idest
826 777 1035 853 dividebant
1060 778 1364 873 transversaliter,
1389 781 1442 871 gli
1465 780 1599 868 arpini,

424 897 516 973 idest
540 899 636 993 ripas
661 899 901 993 vallorum,c
925 901 939 972 i
959 902 1060 993 sossi,
1077 899 1168 974 idest
1193 906 1231 974 et
1255 899 1350 995 ipsas
1372 899 1497 993 valles,
1515 918 1601 992 quae

425 1025 521 1094 stant
550 1019 587 1091 in
617 1017 772 1092 circuitu
803 1018 841 1090 in
865 1017 1026 1092 'modum
1056 1018 1251 1114 fossorum,
1282 1021 1367 1111 infin
1403 1023 1442 1092 al
1463 1020 1599 1112 porcio,

425 1138 561 1214 scilicet
592 1137 826 1233 predictum,
864 1141 923 1211 cte
959 1146 1103 1230 borma,
1143 1138 1230 1233 quia
1263 1138 1311 1212 ibi
1355 1139 1601 1212 terminantur

426 1259 561 1353 omnia,
587 1281 606 1333 e
629 1262 797 1351 roccoglt,
815 1259 902 1352 quia
917 1249 953 1351 (⁴)
981 1259 1105 1334 omnia
1122 1259 1275 1336 tendunt
1298 1259 1344 1333 ad
1361 1266 1543 1353 centrum,
1561 1264 1599 1333 et

426 1399 555 1453 omnes
573 1399 682 1473 aquae
699 1386 973 1475 congregantur
992 1379 1051 1473 ibi,
1071 1386 1108 1454 et
1124 1385 1304 1475 stagnant,
1317 1378 1404 1474 quia
1421 1400 1495 1454 uon
1514 1400 1599 1474 pos-

425 1505 511 1573 sunt
535 1499 691 1576 ulterius
716 1499 949 1594 descendere,
976 1520 1136 1591 neoceuu,
1162 1499 1254 1575 idest
1285 1499 1468 1574 habebant
1497 1500 1598 1595 prin-

425 1619 573 1715 cipium,
591 1620 667 1695 sive
680 1619 908 1716 incipiebant,
926 1622 975 1692 da
991 1622 1062 1692 imo
1078 1622 1122 1693 de
1139 1623 1174 1693 lu
1193 1623 1326 1712 roccio,
1343 1620 1436 1695 idest
1451 1641 1474 1694 a
1491 1620 1599 1694 basso

425 1739 536 1836 ipsius
568 1739 667 1834 ripae,
697 1737 791 1813 sicut
816 1738 984 1813 videmus
1008 1738 1107 1832 quod
1132 1738 1334 1813 fundantur
1362 1739 1597 1814 artificialiter

425 1868 553 1957 pontes
582 1858 711 1956 lapidei
743 1859 780 1932 in
806 1859 944 1932 mundo
978 1865 1114 1953 nostro,
1145 1879 1257 1954 super
1285 1860 1497 1934 tluminibus
1531 1881 1599 1935 no-

425 1981 518 2075 stris,
540 1980 667 2074 quales
693 1985 778 2052 suut
802 1978 996 2053 Florentiae
1015 1999 1126 2074 super
1152 1978 1262 2073 Arno,
1280 1986 1319 2054 et
1334 1979 1461 2052 Rome
1487 1999 1598 2073 super

425 2100 556 2193 Tiberi,
583 2105 620 2173 et
643 2096 821 2173 Arinione
845 2118 956 2193 super
981 2098 1174 2192 Rhodano;
1206 2091 1278 2172 cosi
1302 2120 1398 2172 come
1421 2101 1599 2191 perterriti

331 2216 354 2311 j
424 2240 512 2292 sorw
529 2239 552 2290 a
570 2220 620 2291 tot
632 2221 802 2311 sorlezze,
819 2217 911 2292 idest
935 2218 981 2292 ad
1006 2218 1094 2291 talia'
1112 2219 1259 2294 castella
1275 2217 1390 2313 posita
1401 2280 1404 2283 .
1415 2219 1451 2292 in
1477 2219 1595 2314 plano,

425 2341 474 2414 do
489 2342 503 2412 i
519 2341 576 2411 lor
599 2340 702 2429 scyli,
722 2336 815 2413 idest
838 2337 886 2411 ab
910 2337 1010 2411 ostiis
1031 2348 1235 2433 portarum,
1254 2361 1278 2411 o
1295 2342 1332 2412 la
1351 2341 1434 2431 rapo
1450 2342 1488 2411 di
1500 2342 1596 2432 sator.

425 2460 469 2533 Et
493 2459 552 2533 bic
578 2464 663 2533 nota
688 2457 896 2553 allegorice,
918 2458 1015 2563 quod
1032 2465 1142 2533 autor
1159 2479 1226 2553 per
1251 2461 1320 2534 hoc
1346 2459 1482 2555 figurat
1498 2459 1597 2554 quod

424 2604 491 2678 per
517 2604 632 2658 unam
658 2582 816 2677 speciem
843 2582 982 2656 fraudis
999 2583 1182 2679 cognitam
1203 2584 1397 2675 devenitur
1414 2585 1450 2658 in
1471 2585 1599 2681 cogni-

397 2704 562 2780 tionem
588 2703 757 2797 alterius;
784 2702 870 2796 quia
897 2702 1044 2778 fraudes
1068 2711 1154 2777 sunt
1179 2704 1273 2780 inter
1299 2726 1339 2780 se
1363 2711 1543 2780 contextae
1558 2697 1596 2797 (²)

423 2830 460 2898 et
485 2824 745 2917 concatenatae,
771 2823 864 2897 sicut
890 2825 1046 2898 maculae
1071 2824 1201 2899 ierreae
1226 2825 1263 2899 in
1284 2826 1408 2920 lorica,
1426 2826 1476 2900 ita
1497 2825 1595 2920 quod

426 2966 499 3019 una
520 2965 593 3019 nou
611 2950 729 3040 potest
747 2944 866 3039 frangi
881 2944 940 3019 vel
957 2944 1112 3019 lacerari
1129 2935 1164 3037 (³)
1185 2945 1275 3039 quin
1293 2946 1419 3020 multae
1436 2968 1597 3042 sequan-

422 3071 504 3158 tur3
522 3069 560 3138 et
577 3062 626 3137 ita
643 3084 717 3137 una
736 3063 865 3137 fraude
881 3069 1008 3158 aperta
1025 3063 1145 3137 statim
1163 3071 1316 3158 paratur
1333 3065 1392 3139 via
1409 3066 1454 3139 ad
1472 3066 1594 3139 aliam.

421 3185 519 3280 Ergo
544 3184 639 3258 bene
656 3183 758 3279 fingit
775 3182 875 3278 quod
892 3183 1021 3257 eadem
1048 3184 1105 3258 via
1130 3183 1204 3257 itur
1224 3184 1261 3257 in
1277 3205 1406 3259 omnes
1423 3184 1469 3259 de
1485 3191 1596 3280 ponte

422 3306 459 3378 in
484 3308 645 3400 pontem,
671 3302 763 3377 idest
779 3303 826 3377 de
846 3302 964 3398 gradu
982 3303 1019 3375 in
1036 3303 1205 3400 gradum.
1220 3309 1325 3377 -In
1346 3312 1472 3396 questo
1488 3302 1595 3379 Nunc

421 3432 541 3519 autor,
568 3424 748 3518 descripto
773 3429 851 3498 toto
882 3423 1020 3498 circulo
1053 3431 1184 3499 octavo
1210 3424 1446 3521 ingenerati,
1472 3426 1594 3523 incipit

421 3545 629 3631 describere
658 3544 815 3640 primam
841 3545 986 3638 vallem,
1013 3544 1048 3617 in
1080 3565 1153 3638 qua
1185 3545 1335 3640 punitur
1361 3546 1479 3641 prima
1510 3568 1594 3643 spe-

421 3667 496 3742 cies
521 3665 669 3740 fraudis.
696 3665 739 3738 Et
764 3665 884 3760 primo
909 3665 1126 3739 continuans
1151 3663 1246 3740 dicta
1263 3665 1422 3740 dicendis
1439 3668 1594 3744 ostendit

383 3828 386 3831 -
421 3785 607 3881 quomodo
632 3785 847 3859 intraverint
872 3784 1029 3879 primam
1056 3784 1201 3878 vallem,
1215 3783 1359 3859 dicens:
1386 3789 1447 3859 ool
1470 3790 1592 3878 seusei,

419 3907 510 3981 idest
535 3905 735 3999 exonerati,
761 3904 924 4000 depositi,
950 3907 994 3977 de
1018 3908 1054 3978 lo
1078 3906 1217 3977 cetuna
1240 3906 1278 3977 di
1305 3907 1434 3977 (lerion
1460 3908 1493 3978 ci
1516 3914 1593 3979 tro-

418 4047 558 4099 oontmo
573 4027 612 4097 iu
631 4030 748 4117 questo
766 4027 855 4116 loco,
872 4024 1008 4101 scilicet
1024 4023 1061 4097 in
1079 4022 1157 4119 ripa
1173 4023 1335 4121 generali
1354 4024 1455 4098 istius
1472 4025 1592 4100 octavi

418 4145 545 4221 circuli
570 4144 781 4242 praescripti,
807 4147 868 4219 e’l
884 4152 1003 4237 poeta,
1031 4143 1165 4219 scilicet
1190 4134 1361 4240 Virgilius
1391 4145 1592 4239 ascendens

417 4267 579 4363 primum
606 4273 775 4361 pontem,
794 4272 891 4338 eone
916 4286 940 4337 u
964 4267 1122 4358 sinbtro,
1148 4271 1181 4338 et
1202 4267 1238 4338 io
1262 4269 1311 4338 mi
1334 4268 1441 4338 utossi
1465 4268 1587 4361 dictro,

418 4408 575 4483 sequens
600 4388 752 4485 vestigia
777 4386 867 4461 eius.
881 4390 973 4458 -A
1007 4388 1044 4458 lo
1075 4406 1168 4457 mun.
1196 4386 1261 4459 llic
1286 4391 1396 4460 autor
1420 4384 1591 4460 describit

480 4574 510 4635 (¹)
526 4578 580 4633 llll,
596 4576 657 4637 qula
672 4575 758 4625 omnia
774 4577 900 4638 stagnum,
909 4572 969 4636 quia
983 4585 1035 4623 nou
1045 4578 1152 4635 possunt
1162 4572 1273 4624 ulterius
1283 4572 1437 4623 descendere
1446 4577 1474 4622 et
1483 4573 1592 4624 tendunt

418 4652 451 4702 ad
467 4655 596 4701 canuam.
737 4649 765 4715 (¹)
781 4652 806 4702 S.
823 4663 954 4702 connexe.
1090 4649 1117 4713 (¹)
1134 4655 1188 4710 tle,
1205 4650 1332 4701 maculari
1348 4651 1400 4700 sire
1417 4649 1535 4700 lacerari.
