3720 5566
451 505 496 572 34
842 512 1046 568 couuuruu
1069 513 1221 564 nuruum

447 662 549 739 tinua
568 661 733 754 flamma3
753 658 851 733 unde
866 658 1013 754 vigente
1028 652 1064 749 (¹)
1084 657 1207 731 calore
1225 657 1363 731 furioso
1379 648 1416 749 (¹)
1435 657 1623 755 exagitant

446 802 557 855 crura
588 785 624 855 et
657 780 778 876 pedes,
805 778 868 872 qui
893 783 989 851 stant
1021 782 1126 850 extra
1150 781 1311 851 terram:
1339 783 1376 852 et
1407 779 1477 852 boc
1496 769 1532 871 (³)
1566 783 1622 853 est

441 899 642 996 justissima
666 918 776 994 poena
801 917 934 972 eorum
944 920 954 990 3
974 895 1149 990 quoniam
1167 896 1235 990 isti,
1254 897 1319 991 qui
1336 896 1513 972 deberent
1531 917 1622 971 con·

445 1019 613 1115 templari
643 1016 804 1093 celestia
843 1023 880 1091 et
914 1015 1081 1091 meditari
1113 1016 1244 1110 divina,
1281 1023 1469 1091 servantes
1498 1019 1619 1115 legem

446 1139 576 1233 Christi
601 1139 707 1213 cuius
732 1136 949 1233 profitentur
975 1157 1015 1211 se
1036 1135 1191 1211 vicarios
1208 1142 1246 1210 et
1263 1136 1478 1233 imitatores,
1494 1139 1619 1213 omnia

447 1258 634 1333 mundana
659 1263 696 1331 et
721 1278 814 1331 vana
843 1256 1024 1330 calcantes
1037 1245 1074 1347 (⁸)
1102 1256 1329 1330 contrarium
1357 1257 1507 1353 iaciunt,
1535 1257 1619 1333 solis

447 1378 604 1452 terrenis
630 1376 884 1451 miserabiliter
903 1375 1077 1450 immersi.
1097 1376 1181 1450 ldeo
1198 1376 1293 1451 bene
1310 1377 1498 1474 linguntur
1514 1379 1620 1473 plan-

448 1498 514 1571 tati
540 1496 634 1573 intra
663 1502 814 1588 terram,
840 1495 926 1589 quia
957 1495 1092 1569 babent
1124 1516 1188 1569 cor
1217 1495 1262 1570 ad
1293 1498 1370 1570 sola
1403 1503 1551 1571 terrena
1583 1503 1620 1571 et

447 1615 558 1711 pedes
574 1621 702 1689 contra
719 1615 874 1707 coelum3
893 1613 996 1706 quasi
1013 1613 1153 1687 dicant:
1174 1614 1219 1686 -in
1244 1621 1362 1689 totum
1385 1635 1519 1710 sperno
1540 1636 1619 1689 coe-

446 1734 562 1827 lestia‚
589 1740 626 1808 et
652 1739 798 1807 terrena
826 1734 906 1807 colo
933 1738 1008 1807 tota
1035 1740 1178 1826 mente3
1196 1734 1246 1808 ita
1263 1735 1362 1827 quod
1380 1735 1519 1809 fodiunt
1544 1741 1621 1809 ter-

448 1875 529 1928 ram
555 1860 591 1928 et
617 1859 791 1949 quaerunt
815 1874 964 1946 aurum,
982 1859 1179 1949 argentum
1194 1845 1232 1946 (⁶)
1260 1853 1296 1927 in
1322 1874 1378 1947 ea,
1396 1875 1465 1930 nec
1489 1861 1621 1929 curant

449 1974 699 2048 thesaurizare
724 1972 791 2046 sibi
816 1972 853 2045 in
879 1973 990 2047 coelo:
1017 1973 1127 2068 pedes
1152 1973 1323 2048 ardentes
1348 1985 1434 2049 sunt
1458 1974 1621 2050 allectio-

450 2113 515 2166 nes
545 2111 800 2186 eorumquae
832 2092 1006 2166 continuo
1037 2097 1234 2167 moventur
1264 2092 1398 2168 ardore
1429 2080 1621 2168 insatiabili

449 2212 495 2286 ad
522 2212 832 2306 concupiscentias
857 2232 952 2284 suas.
984 2212 1059 2286 Nec
1081 2211 1190 2306 dicas,
1217 2212 1311 2286 sicut
1340 2213 1452 2307 aliqui
1484 2213 1620 2309 dicunt,

450 2330 548 2424 quod
573 2330 630 2403 isti
656 2330 786 2404 ardent
811 2329 880 2403 sub
898 2330 1052 2404 terrain
1070 2330 1218 2405 fornace
1235 2330 1327 2426 ignis
1344 2331 1515 2426 ardentis,
1533 2333 1620 2428 quia

448 2449 508 2523 isti
534 2471 607 2523 non
633 2460 834 2546 pascuntur
859 2450 916 2523 bic
942 2450 1038 2545 igne,
1064 2450 1139 2524 imo
1164 2457 1301 2546 sugunt
1329 2471 1484 2527 succum
1512 2460 1620 2528 terrae

449 2575 486 2643 et
511 2568 641 2646 bibunt
664 2591 800 2643 aurum
826 2569 873 2643 de
898 2569 1040 2643 minera
1055 2560 1105 2663 (⁶),
1129 2570 1342 2645 idestvenis
1363 2577 1400 2645 et
1420 2572 1619 2647 visceribus

446 2694 569 2784 terre,
590 2689 684 2764 sicut
708 2688 798 2762 bibit
821 2689 965 2762 Marcus
984 2689 1137 2762 Crassus
1154 2696 1335 2763 mortuus.
1353 2690 1458 2765 Nunc
1474 2691 1520 2765 ad
1538 2692 1620 2767 lite-

448 2829 547 2882 ram:
575 2809 659 2883 dioit
684 2820 816 2885 autor:
843 2812 884 2881 lo
914 2811 986 2882 vidi
1010 2811 1047 2881 lu
1066 2812 1184 2900 pietro
1210 2811 1318 2883 litddu
1339 2814 1446 2905 picoto
1472 2813 1509 2884 di
1530 2813 1619 2906 fori,

447 2929 541 3003 idest
566 2929 818 3021 foraminibus,
844 2932 918 3002 tutti
941 2931 976 3001 d'
989 2949 1037 3001 uo
1061 2931 1179 3021 largo,
1197 2929 1289 3004 idest
1313 2950 1397 3024 quae
1421 2931 1545 3005 omnia
1566 2932 1620 3005 io-

451 3050 592 3123 ramina
627 3060 733 3124 erant
764 3049 927 3122 eiusdem
960 3048 1173 3143 latitudinis3
1207 3056 1312 3123 erant
1341 3051 1438 3124 enim
1473 3050 1620 3145 capacia

448 3169 558 3244 unius
584 3167 740 3243 bominis
766 3174 908 3241 tantum
926 3156 975 3261 (l,
993 3191 1012 3241 e
1028 3172 1190 3242 ciasmoo
1213 3190 1278 3241 era
1303 3173 1421 3263 wudu,
1439 3170 1530 3245 idest
1549 3170 1622 3243 sin·

448 3291 537 3387 gula
563 3295 669 3364 erant
694 3288 732 3361 in
756 3288 875 3362 forma
901 3287 1083 3382 circulari,
1102 3310 1169 3380 per
1193 3292 1224 3361 le
1248 3297 1351 3382 coste,
1369 3289 1503 3364 scilicet
1527 3290 1622 3364 illius

447 3408 594 3505 aggeris
620 3408 697 3481 sive
729 3407 829 3502 ripae,
854 3428 873 3478 e
900 3428 967 3498 per
1000 3410 1035 3479 lo
1064 3410 1189 3501 fondo,
1215 3407 1307 3482 idest
1337 3427 1403 3503 per
1435 3408 1619 3503 planitiem

447 3527 542 3601 illius
567 3527 684 3602 tertiae
709 3527 821 3600 vallis.
840 3566 889 3580 -
902 3531 983 3599 Nou
1016 3530 1065 3599 mi
1087 3549 1239 3619 parcan.
1271 3527 1336 3602 llic
1367 3535 1476 3602 autor
1506 3527 1622 3623 expli-

449 3652 508 3721 cat
524 3636 560 3738 (⁸)
588 3646 745 3720 sormam
771 3646 925 3719 istorum
952 3645 1174 3719 foraminum
1201 3667 1268 3740 per
1293 3666 1406 3720 unam
1429 3666 1621 3741 compara·

448 3767 597 3841 tionem.
616 3764 669 3839 Ad
691 3764 796 3839 cuius
811 3763 1095 3839 declarationem
1113 3765 1224 3839 debes
1242 3765 1337 3840 scire
1353 3765 1452 3859 quod
1468 3766 1620 3840 Floren-

449 3886 509 3958 tiae
534 3885 571 3957 in
596 3884 749 3958 ecclesia
774 3883 952 3978 patronali
978 3884 1150 3957 lobannis
1174 3885 1341 3980 Baptistae
1367 3886 1463 3960 circa
1481 3885 1618 3959 iontem

448 4003 701 4099 baptismalem
729 4008 813 4075 sunt
830 4001 940 4094 aliqui
958 4001 1096 4096 puteoli
1113 4004 1312 4078 marmorei
1330 4003 1476 4077 rotundi
1494 4003 1530 4076 in
1547 4003 1621 4077 cir-

447 4124 550 4200 cuitu
580 4140 732 4217 capaces
763 4120 874 4193 unius
904 4119 1060 4193 bominis
1091 4126 1246 4215 tantum,
1273 4122 1309 4194 in
1339 4121 1473 4215 quibus
1503 4123 1621 4196 solent

511 4389 539 4453 (¹)
556 4389 582 4439 S.
598 4402 614 4438 o
630 4388 661 4438 E.
678 4393 796 4452 urgente.
1140 4386 1167 4447 (¹)
1183 4386 1209 4437 S.
1225 4399 1240 4436 e
1257 4386 1288 4436 Ε.
1305 4386 1411 4437 furiose.

511 4464 537 4524 (⁸)
556 4469 601 4515 lid
616 4478 632 4515 ο
649 4464 679 4514 Ε.
696 4465 815 4514 liecurt.
1142 4462 1169 4525 (⁸)
1185 4462 1210 4512 S.
1227 4463 1262 4512 ita
1278 4462 1414 4513 calcantes.

511 4541 538 4601 (¹)
554 4538 579 4588 S.
595 4552 610 4589 o
626 4539 658 4588 ll.
675 4536 812 4602 argentum
827 4543 853 4588 el
870 4550 986 4601 gemmas
1001 4536 1028 4585 in
1044 4550 1082 4587 ea.
1141 4537 1167 4597 (⁸)
1185 4537 1215 4587 E.
1232 4538 1354 4588 minerva.

512 4614 539 4676 (i)
557 4618 611 4674 ild,
628 4619 730 4664 tantum
746 4619 845 4676 tamem
861 4628 875 4663 ο
889 4615 1014 4663 ommno.
1141 4613 1167 4676 (¹)
1184 4614 1210 4664 S.
1226 4614 1407 4679 exemplificat.
