3720 5566
427 487 474 552 22
823 495 1027 550 COMENTUM
1051 496 1201 549 INFERNI

428 643 658 718 reconciliata
683 641 750 715 sibi
775 662 894 716 uxore
918 640 1055 735 Medea,
1083 640 1212 716 redivit
1237 641 1274 713 in
1299 641 1468 736 colchos3
1495 641 1542 716 ibi
1559 636 1596 735 (¹)

427 783 561 861 magua
586 763 722 837 virtute
748 768 785 836 et
807 761 976 836 felicitate
992 783 1060 836 sua
1080 760 1271 855 acquisivit
1288 782 1446 859 regnum
1468 764 1598 858 soceri,

427 884 596 977 quierat
621 883 806 977 expulsus,
833 887 869 956 et
894 882 970 977 ipse
1000 881 1087 955 exul
1117 881 1265 955 exulem
1297 882 1444 956 reduxit
1469 883 1506 956 iu
1531 903 1597 978 pa-

427 1005 534 1078 triam
553 1004 590 1077 in
607 1002 984 1097 recompensationem
1001 1001 1221 1097 iniuriarum
1244 1001 1502 1096 antiquarum3
1521 1004 1596 1078 imo

425 1122 611 1218 ampliavit
636 1143 793 1218 regnum
817 1122 1030 1196 colchorum
1050 1122 1173 1195 multis
1192 1122 1345 1196 urbibus
1362 1123 1485 1218 captis,
1503 1124 1598 1197 sicut

427 1244 588 1318 16611666
614 1242 753 1335 scribit;
779 1242 843 1316 sed
867 1243 983 1319 victor
1009 1264 1031 1316 a
1058 1242 1317 1337 septemtrione
1342 1245 1495 1338 parabat
1520 1246 1598 1319 bel-

426 1366 504 1438 lum
529 1364 576 1437 ab
601 1363 742 1437 oriente
767 1369 895 1436 contra
919 1382 1056 1457 persas,
1083 1362 1146 1437 sed
1170 1362 1358 1437 infeliciter
1384 1363 1596 1438 interiectus

426 1491 482 1560 est
494 1506 516 1558 a
530 1483 615 1558 suis.
630 1483 729 1556 Sicut
743 1483 840 1556 enim
854 1482 978 1557 scribit
992 1483 1157 1557 Valerius
1175 1483 1315 1578 accidit,
1330 1484 1428 1577 quod
1446 1483 1595 1577 quidam

421 1606 579 1700 iuvenes
608 1603 802 1677 familiares
827 1603 884 1676 sui
911 1603 1033 1677 nescio
1062 1624 1136 1696 666
1161 1603 1208 1677 de
1233 1624 1346 1678 causa
1371 1605 1596 1679 verberave-

426 1730 513 1798 runt
540 1723 756 1818 magistrum
782 1723 881 1815 salae,
900 1722 963 1795 ubi
980 1721 1114 1796 liebant
1131 1721 1226 1815 ludi;
1244 1722 1304 1797 ille
1321 1729 1545 1816 conquestus
1559 1714 1596 1815 (²)

426 1850 482 1917 est
506 1840 643 1915 Iasoni:
671 1840 779 1914 Jason
810 1841 847 1913 in
882 1840 1162 1914 satisfactionem
1190 1840 1333 1934 iujuriae
1365 1841 1463 1916 dedit
1494 1841 1543 1913 illi
1557 1831 1595 1933 (³)

426 1962 652 2055 electionem,
667 1960 764 2055 quod
780 1949 816 2052 (⁴)
836 1961 894 2035 vel
911 1960 1094 2055 acciperet
1111 1960 1162 2035 eis
1184 1961 1330 2056 triginta
1348 1960 1516 2034 denarios
1535 1961 1593 2034 vel

425 2083 529 2157 daret
553 2081 703 2177 singulis
720 2081 847 2155 decem
867 2080 1033 2155 verbera.
1053 2080 1114 2154 1116
1131 2080 1270 2154 avidior
1288 2079 1455 2154 vindictae
1480 2101 1594 2174 quam

427 2201 591 2296 pecuniae
615 2200 725 2295 elegit
750 2199 941 2273 ultimum:
954 2200 1112 2295 juvenes
1128 2220 1195 2294 pro
1213 2199 1434 2274 verecundia
1453 2199 1595 2273 accensi

426 2319 672 2416 indignatione
697 2326 734 2394 et
759 2319 814 2393 166
844 2320 1014 2393 Iasonem
1045 2318 1291 2413 improvidum
1322 2318 1595 2393 iuterfecerunt.

426 2442 484 2516 Sic
510 2462 600 2538 ergo
625 2446 724 2535 patet
749 2439 849 2533 quod
874 2441 982 2514 lason
1006 2440 1070 2534 qui
1088 2439 1224 2514 1666661
1240 2440 1330 2513 alios
1347 2440 1436 2513 caedi
1454 2438 1594 2534 palmis,

426 2563 502 2657 ipse
527 2561 638 2658 virgis
663 2560 791 2635 1666616
816 2560 1009 2634 1666616166
1034 2566 1098 2633 est.
1114 2599 1164 2612 -
1180 2564 1253 2631 Con
1282 2562 1338 2632 lui.
1370 2559 1434 2633 llic
1466 2558 1596 2631 ultimo

424 2691 534 2758 autor
560 2682 733 2757 terminat
763 2681 869 2754 istam
898 2680 1091 2755 materiam
1118 2685 1155 2754 et
1180 2700 1341 2774 poenam,
1376 2680 1598 2754 concludens

425 2803 498 2877 sic:
525 2804 592 2893 611,
617 2802 708 2875 idest
734 2800 971 2895 quicumque,
1001 2803 1174 2890 1666666,
1206 2799 1342 2874 scilicet
1374 2799 1548 2874 mulieres
1574 2820 1596 2872 a

424 2921 559 3016 quibus
585 2920 722 3016 recepit
751 2920 927 2995 beneficia
958 2939 1103 3015 magna,
1129 2919 1224 2993 sicut
1249 2919 1358 2992 Jason
1383 2920 1431 2992 ab
1456 2920 1598 3015 lsiphile

424 3047 462 3116 et
487 3039 622 3134 Medea,
641 3043 690 3113 du
715 3043 766 3113 tul
778 3048 898 3133 purte,
916 3039 1006 3113 idest
1033 3039 1094 3113 1611
1119 3039 1240 3132 modo,
1258 3038 1393 3112 scilicet
1408 3058 1493 3111 cum
1513 3037 1597 3112 ficto

424 3170 462 3238 et
486 3161 603 3235 lallaci
628 3181 767 3255 amore,
793 3180 854 3232 sen
880 3181 926 3232 66
950 3181 1016 3232 con
1041 3162 1101 3249 lui,
1126 3158 1229 3253 quasi
1254 3157 1370 3232 dicat:
1401 3158 1518 3231 currit
1540 3158 1598 3231 lu-

423 3281 557 3380 giendu
581 3280 651 3354 sub
675 3281 804 3355 eadem
830 3302 951 3375 poeua,
977 3281 1027 3355 ita
1059 3278 1158 3374 quod
1189 3278 1276 3352 socii
1311 3279 1347 3351 16
1379 3279 1487 3373 culpa
1512 3286 1599 3353 sunt

424 3403 510 3479 socii
538 3403 574 3476 in
601 3423 718 3497 poena.
737 3403 780 3475 Et
806 3401 907 3476 dicit:
926 3423 944 3473 c
964 3407 1081 3494 questo
1106 3400 1195 3473 busti
1218 3421 1323 3492 super
1349 3401 1393 3472 dc
1420 3404 1454 3473 16
1477 3403 1597 3491 ummo

425 3526 528 3614 66116,
554 3521 644 3596 idest
669 3521 841 3617 bulgia,c
864 3523 903 3593 di
926 3524 1025 3593 color
1049 3522 1108 3593 616
1132 3523 1169 3592 in
1194 3540 1231 3591 se
1256 3539 1426 3610 ossanna,
1445 3518 1535 3593 idest
1552 3517 1598 3591 de

423 3642 558 3739 punitis
584 3641 620 3714 in
646 3661 708 3735 ea,
735 3641 840 3734 quasi
864 3640 959 3715 dicat
976 3646 1104 3713 autor:
1123 3659 1241 3733 pauca
1261 3638 1395 3715 sufficit
1412 3638 1534 3712 dicere
1551 3635 1598 3709 de

424 3764 486 3839 tali
512 3761 678 3854 materia,
704 3767 741 3835 61
772 3781 860 3835 vere
894 3767 1002 3833 autor
1033 3759 1123 3832 dixit
1155 3779 1286 3855 pauca,
1312 3758 1375 3833 sed
1408 3758 1536 3852 pulcre
1560 3762 1598 3829 et

425 3882 603 3958 subtiliter
629 3879 833 3954 secundum
859 3878 1061 3953 subiectam
1088 3878 1292 3953 materiam.

502 3993 568 4077 utu
593 4022 748 4074 crucum.
775 4002 846 4073 lsta
871 4006 926 4073 est
952 4003 1083 4091 quarta
1101 4004 1137 4072 et
1155 3999 1285 4072 ultima
1306 4018 1391 4093 pars
1415 3994 1598 4094 generalis

425 4123 534 4199 buius
559 4118 718 4216 capituli,
744 4118 781 4191 in
806 4139 881 4212 666
905 4125 1014 4191 66166
1045 4118 1120 4213 agit
1146 4123 1183 4192 et
1208 4123 1341 4191 tractat
1366 4117 1412 4191 de
1438 4115 1597 4190 secunda

425 4245 545 4341 specie
569 4240 819 4335 1666116666
845 4248 999 4314 vocatur
1024 4238 1197 4331 adulatio,
1216 4256 1301 4331 quae
1317 4236 1468 4332 punitur
1485 4235 1522 4308 iu
1540 4253 1599 4310 66-

424 4365 544 4440 cunda
570 4361 714 4458 bulgia3
741 4360 788 4435 de
812 4359 919 4434 cuius
947 4379 1055 4454 poeua
1079 4356 1242 4430 breviter
1268 4363 1378 4429 autor
1405 4360 1536 4431 tractat
1562 4355 1598 4427 iu

486 4551 513 4609 (¹)
527 4549 558 4598 Ε·
575 4548 628 4598 ubi·
816 4547 844 4609 (¹)
860 4547 887 4597 S.
903 4551 1010 4611 6666166
1025 4549 1066 4594 661
1081 4544 1178 4595 Iasoni.
1376 4541 1406 4604 (¹)
1421 4540 1452 4590 Ε.
1467 4540 1501 4590 el.

486 4624 515 4687 (⁸)
532 4627 586 4684 llo,
602 4627 672 4689 quod
689 4625 766 4676 661161
781 4623 899 4686 accipere
916 4622 1020 4685 triginta
1036 4620 1163 4681 (16666166,
1179 4621 1222 4671 rel
1237 4621 1300 4672 darc
1316 4617 1432 4682 61666116.
