3720 5566
232 884 396 953 cnutus
430 882 623 951 DECIMUS
657 883 810 965 NONUS,
843 886 879 951 in
908 905 968 967 qno
1001 890 1119 951 tractat
1151 886 1190 951 de
1222 888 1403 955 ammiano

297 998 395 1079 papis
410 997 592 1079 preteritis
617 997 740 1062 entibus
768 997 804 1061 in
830 995 991 1078 lapidibus
1011 998 1257 1082 propayinott'm·
1281 1005 1312 1065 et
1337 1002 1402 1066 ista

302 1114 346 1173 est
366 1109 464 1174 tertio
488 1106 614 1192 Mota:
644 1113 674 1173 et
702 1108 784 1173 sicut
812 1107 933 1175 locutus
961 1114 1009 1174 cst
1037 1107 1163 1175 Dentes
1194 1129 1263 1175 nrm
1295 1110 1401 1193 atiquo

307 1238 411 1285 eorum
426 1219 504 1285 otim
511 1238 606 1301 papa
627 1218 666 1285 de
694 1217 829 1298 Ursinis,
846 1219 945 1285 etsttb
962 1219 1052 1285 titulo
1069 1221 1237 1287 multorum
1255 1220 1400 1287 oliorum.

312 1529 532 1698 OSruou
545 1644 701 1716 manao
718 1626 836 1697 miseri
853 1626 1001 1715 sennan.
1020 1625 1218 1718 Postquam
1237 1627 1273 1700 iu
1291 1649 1401 1723 supe-

230 1743 319 1816 riori
345 1743 503 1838 capituto
528 1745 695 1838 proxime
720 1743 940 1839 praecedenti
957 1751 1067 1818 autor
1087 1755 1210 1822 noster
1231 1749 1402 1822 tractavit

229 1871 267 1938 et
290 1862 548 1938 determinavit
576 1866 623 1939 de
653 1865 768 1959 poenis
801 1866 974 1938 lenonum
1002 1871 1039 1938 et
1064 1865 1311 1960 adulatorum,
1337 1868 1399 1960 qui

228 1982 432 2078 puniuntur
457 1983 493 2057 in
520 1984 639 2079 prima
657 1991 693 2057 et
715 1983 875 2057 secunda
894 1983 1035 2079 butgia3
1055 2004 1154 2058 nuno
1171 2003 1401 2079 cousequen-

229 2110 287 2178 ter
311 2104 385 2200 agit
409 2109 446 2178 et
474 2109 603 2178 tractat
628 2104 675 2178 de
701 2103 806 2179 tertia
822 2097 859 2195 (¹)
885 2104 1005 2197 specie
1030 2105 1178 2199 iraudiS,
1198 2106 1333 2181 scilicet
1353 2106 1401 2179 si·

230 2223 352 2297 monia
377 2228 415 2296 et
439 2222 724 2297 simoniacorum
749 2243 870 2318 poena,
897 2224 960 2317 qui
991 2225 1195 2320 puniuntur
1229 2225 1267 2299 in
1292 2226 1400 2301 tertia

229 2343 364 2439 bulgio.
392 2344 436 2420 Et
461 2363 621 2438 praesens
641 2344 842 2438 capitutum
862 2345 943 2417 xtx
967 2351 1087 2439 potest
1110 2345 1217 2420 dividi
1245 2346 1282 2419 in
1308 2366 1401 2440 qua-

229 2470 313 2537 tuor
348 2469 469 2557 partes
497 2463 698 2559 generales.
725 2464 765 2536 ln
792 2484 952 2557 quarum
982 2464 1101 2560 prima
1126 2473 1236 2540 autor
1259 2465 1397 2540 descri-

227 2582 280 2657 bit
304 2603 454 2679 poenam
479 2583 765 2657 simoniacorum
797 2583 833 2655 in
867 2585 1112 2679 generatim
1146 2572 1307 2660 secunda
1341 2586 1399 2658 in-

228 2703 386 2778 troducit
418 2724 534 2776 unum
560 2703 768 2798 pontificem
796 2725 973 2800 magnum
1000 2704 1254 2797 simoniacum,
1281 2695 1395 2798 quid)

227 2824 369 2898 ooniert
393 2845 520 2897 secum
539 2824 666 2917 multa⁷
685 2824 752 2896 ibi:
775 2827 835 2896 Ctn'
851 2818 887 2896 ie
903 2832 1066 2897 mnestro.
1088 2826 1129 2898 ln
1150 2825 1257 2899 tertia
1282 2826 1400 2901 dictus

229 2942 392 3038 pontifex
425 2944 589 3017 nominat
628 2943 717 3018 aiios
756 2943 972 3017 simoniacos
1006 2951 1043 3018 et
1081 2965 1120 3018 se
1157 2966 1242 3018 cum
1258 2935 1296 3038 (³)
1321 2946 1400 3040 iltis,

228 3063 299 3137 ibi:
326 3068 370 3138 Se
393 3066 432 3137 dt
453 3085 569 3156 snper.
597 3066 636 3136 ln
663 3070 795 3156 quarta
822 3070 858 3137 et
882 3063 1013 3137 ultima
1044 3064 1207 3160 increpat
1236 3071 1274 3139 et
1303 3066 1401 3140 vitu-

227 3191 333 3278 perat
361 3203 490 3258 amare
522 3183 751 3276 simoniacos,
779 3204 940 3276 quorum
973 3183 1126 3258 avaritia
1156 3183 1317 3257 mundus
1346 3192 1409 3259 est

228 3322 437 3397 perversus
463 3303 532 3377 ihi:
559 3308 600 3376 Io
626 3325 697 3376 non
722 3325 772 3376 so.
800 3302 852 3376 Aa
879 3304 1040 3399 primum
1067 3324 1158 3401 ergo
1182 3305 1274 3398 dico,
1301 3307 1400 3399 quod

228 3421 266 3494 in
292 3422 412 3516 prima
436 3431 539 3519 parte
564 3431 674 3498 autor
700 3424 869 3499 describit
890 3445 1037 3521 poenam
1059 3425 1344 3501 simoniacorum
1363 3427 1400 3499 iu

228 3542 409 3637 generali3
428 3552 465 3620 et
483 3544 602 3639 primo
622 3544 872 3638 descripturus
893 3564 1036 3637 poenam
1057 3544 1261 3619 mirabilem
1280 3566 1326 3619 ex
1345 3546 1400 3618 iu-

229 3660 437 3756 dignatione
452 3669 491 3737 ct
507 3663 562 3738 ira
580 3664 761 3737 exclamat
778 3669 905 3738 contra
926 3664 1154 3758 simoniacos²
1172 3664 1345 3760 iucipiens
1361 3654 1398 3758 (ὅ)

230 3780 426 3856 aSimone
451 3802 560 3878 mago
586 3781 704 3877 primo
729 3789 861 3857 autore
891 3783 1065 3859 simonia.
1099 3784 1169 3859 Sed
1200 3792 1398 3885 antequam

229 3900 446 3975 descendam
472 3902 519 3976 ad
532 3894 569 3994 (Β)
593 3903 708 3977 titerae
728 3903 1004 3998 expositionem,
1021 3904 1068 3978 ad
1089 3906 1307 3980 evidentiam
1326 3908 1400 3981 cta·

229 4019 366 4094 riorem
393 4022 478 4096 voto
503 4021 622 4117 primo
649 4042 860 4097 memorare
883 4022 946 4097 tibi
974 4023 1084 4119 quod,
1109 4024 1204 4098 sicut
1228 4026 1400 4100 scribitur

228 4137 265 4211 in
290 4140 433 4214 actibus
457 4142 719 4237 apostolorum,
746 4143 813 4217 iste
836 4142 961 4217 Simon
979 4144 1046 4218 suit
1060 4145 1208 4240 judaeus
1228 4147 1399 4241 ajuven-

227 4264 308 4333 tute
340 4280 407 4334 sua
436 4258 681 4357 philosophus,
708 4262 913 4359 astrologus
944 4271 980 4338 et
1006 4264 1292 4361 nigromanticus
1319 4285 1400 4339 ma·

289 4473 318 4536 (¹)
333 4474 364 4525 E.
381 4475 413 4525 de
425 4475 527 4540 'trtpttsi
543 4479 636 4541 specte.
839 4478 866 4541 t')
884 4479 915 4529 lt.
931 4480 975 4543 qui
992 4479 1093 4530 confert
1110 4479 1224 4530 multum
1240 4492 1337 4540 secum,
1355 4481 1399 4532 ibi.
1447 4512 1451 4529 .

289 4546 317 4612 (⁹)
333 4550 363 4601 tt.
381 4565 441 4601 eum
459 4553 523 4611 utits.
541 4555 584 4605 nt.
840 4556 867 4619 ξ’)
883 4556 914 4606 Ε.
931 4556 1083 4619 incipiendo.

288 4624 316 4688 (Ἴ
333 4630 387 4689 m,
404 4629 436 4678 ad
451 4628 564 4694 literam,
582 4632 613 4682 ud
629 4632 792 4683 evidentium.
