3720 5566
583 508 722 564 murus
747 509 902 566 uncinus
927 510 1096 566 manvus.
1385 502 1429 566 15

250 654 510 730 amoenissimae
536 653 703 748 civitatis
728 655 835 729 cuius
860 655 1082 730 fertilitatem
1107 661 1145 729 et
1169 654 1370 730 bonitatem
1392 656 1429 728 in

251 776 422 849 omnibus
448 775 560 850 rebus
585 796 660 850 non
683 774 860 871 describo,
878 782 959 849 tum
986 775 1072 870 quia
1089 774 1235 850 viderer
1253 776 1429 851 recedere

253 916 275 970 a
299 894 496 992 preposite,
514 902 595 968 turn
622 896 710 990 quia
736 896 921 970 notorium
943 902 998 970 est
1019 895 1119 970 omni
1141 896 1276 969 nationi
1297 896 1333 969 in
1352 903 1428 971 toto

253 1016 450 1110 occidente,
478 1015 577 1110 quod
603 1022 640 1090 et
665 1017 785 1111 ipsum
811 1037 947 1091 nomen
973 1021 1139 1090 testatur.
1167 1016 1305 1090 Dicitur
1331 1018 1430 1091 enim

255 1135 427 1230 Bononia,
454 1136 559 1229 quasi
585 1136 681 1210 bona
702 1157 769 1232 per
794 1136 928 1211 omnia.
948 1135 1032 1210 ldeo
1053 1136 1167 1210 bene:
1193 1137 1357 1210 omnebus
1382 1145 1433 1211 est

256 1258 382 1347 liburnis
405 1259 588 1329 laudando
613 1260 776 1330 Bononio
794 1260 944 1349 pinpo-is.
963 1257 1007 1329 Et
1023 1256 1217 1330 confirmat
1234 1257 1430 1332 Veneticus

256 1374 391 1449 dictum
418 1396 530 1448 suum
554 1377 696 1450 ratione
713 1376 902 1471 probabili,
919 1376 1062 1451 dicens:
1085 1376 1184 1470 quod
1203 1377 1357 1452 avaritia
1375 1385 1430 1453 est

256 1515 367 1570 causa
393 1496 502 1569 buius
527 1496 607 1571 vilis
633 1496 708 1571 vitii
734 1495 860 1571 ineis:
880 1496 978 1570 unde
999 1496 1101 1571 dicit:
1119 1502 1243 1571 Recole
1262 1520 1288 1571 α
1307 1506 1430 1591 merab,

257 1613 350 1688 idest
375 1615 489 1690 reduc
513 1617 576 1690 tibi
597 1616 644 1691 ad
662 1616 894 1710 memoriam,
911 1618 1074 1689 dnosoo
1095 1638 1209 1690 avaro
1225 1638 1322 1709 reno,
1339 1618 1431 1697 idest

259 1741 423 1810 nostram
449 1757 600 1812 avaram
629 1737 866 1833 rapacitatem
883 1728 933 1828 (¹).
952 1737 997 1809 Et
1016 1735 1074 1809 bic
1091 1742 1176 1811 nota
1197 1738 1296 1832 quod
1321 1746 1430 1814 autor

257 1854 352 1950 capit
378 1855 437 1930 bic
461 1856 653 1930 avaritiam
680 1857 803 1953 large,
829 1876 915 1929 nam
941 1855 1174 1930 bononiensis
1189 1848 1225 1948 (²)
1254 1859 1431 1933 naturali-

259 1980 315 2048 ter
340 1981 378 2048 et
406 1977 615 2052 comuniter
645 1997 718 2051 non
749 1982 804 2051 est
833 1996 970 2050 avarus
1003 1975 1039 2048 in
1070 1975 1272 2071 retinendo,
1301 1977 1365 2052 sed
1394 1978 1431 2050 in

258 2095 430 2189 capiendo
456 2103 613 2170 tantum.
631 2097 682 2170 llli
708 2096 819 2191 enim,
834 2097 896 2189 qui
914 2102 1001 2169 sunt
1017 2095 1146 2189 vitiosi,
1165 2095 1213 2169 ibi
1234 2097 1430 2194 prodigali-

257 2220 314 2287 ter
339 2215 552 2310 expendunt
576 2218 673 2291 ultra
699 2217 796 2291 vires
822 2214 1002 2289 facultatis
1030 2216 1089 2290 vel
1121 2215 1231 2310 lucri3
1263 2216 1346 2291 ideo
1375 2217 1431 2292 ia-

260 2333 360 2407 ciunt
383 2336 505 2430 turpia
530 2339 646 2431 lucra,
663 2322 859 2430 aliquando
884 2356 971 2409 cum
996 2334 1101 2428 ludis,
1123 2335 1318 2429 aliquando
1342 2357 1429 2411 cum

259 2453 376 2548 iurtiS,
402 2455 599 2549 aliquando
624 2477 710 2530 cum
737 2454 934 2549 lenociniis,
960 2460 1182 2549 exponentes
1207 2455 1308 2550 filias,
1327 2477 1430 2531 soro

258 2594 329 2669 res,
355 2581 392 2650 et
418 2596 556 2652 uxores
581 2577 728 2672 libidini,
754 2583 796 2649 ut
821 2575 1040 2649 satisfaciant
1065 2576 1162 2671 gulae
1194 2581 1230 2649 et
1261 2576 1431 2671 volupta-

258 2693 353 2769 tibus
385 2695 484 2791 suis,
517 2697 598 2772 ideo
622 2696 724 2771 dicit:
753 2718 790 2768 se
821 2698 858 2769 di
886 2688 940 2768 οἱὸ
969 2697 1051 2767 ouoi
1071 2697 1150 2787 sede
1179 2715 1201 2766 o
1226 2697 1429 2787 testimonio,

258 2817 363 2910 quasi
387 2817 506 2891 dicat:
534 2839 607 2892 non
633 2822 787 2913 oportet,
816 2817 914 2909 quod
939 2835 1085 2910 quaeras
1110 2815 1220 2890 aliam
1246 2816 1430 2910 probatio

258 2956 355 3032 nem,
382 2939 468 3033 quia
493 2938 717 3034 experientia
743 2937 826 3012 lecit
846 2937 909 3011 tibi
930 2937 1040 3011 fidem
1061 2942 1098 3012 et
1117 2935 1366 3011 testimonium
1384 2936 1430 3011 de

257 3059 335 3133 boc.
362 3057 407 3132 Et
431 3060 502 3133 boc
527 3057 611 3132 dicit
636 3058 842 3153 Veneticus,
869 3058 955 3151 quia
992 3058 1126 3132 Dantes
1163 3057 1283 3132 iuerat
1309 3058 1430 3131 bono-

256 3180 325 3254 niae
342 3181 380 3252 in
398 3178 518 3253 studio
536 3179 582 3253 ad
600 3189 760 3274 tempus3
782 3185 819 3253 et
837 3178 904 3252 ista
921 3179 1046 3252 omnia
1067 3178 1207 3252 viderat
1224 3184 1261 3252 et
1277 3183 1431 3252 notave-

258 3311 334 3392 rat;
361 3307 399 3374 et
424 3300 518 3374 sorte
543 3306 686 3374 emerat
711 3298 758 3372 ibi
786 3298 982 3393 aliquando
997 3288 1035 3390 (³)
1061 3298 1108 3372 de
1137 3298 1198 3372 tali
1224 3319 1349 3373 merce
1383 3300 1431 3373 ab

258 3421 383 3513 aliquo
405 3417 627 3512 bononiensi,
646 3418 741 3492 sicut
758 3438 854 3513 saepe
871 3419 1055 3492 scholares
1072 3418 1218 3493 iaciunt.
1238 3418 1323 3491 Vult
1341 3439 1430 3515 ergo

259 3538 382 3614 dicere
413 3538 629 3613 veneticus:
671 3544 711 3611 tu
742 3537 855 3612 debes
890 3537 985 3612 bene
1019 3537 1087 3612 ista
1116 3538 1209 3612 scire
1239 3544 1430 3630 tamquam

257 3665 505 3754 expertus—
522 3650 608 3731 cosi.
636 3658 702 3731 llic
728 3657 856 3731 ultimo
882 3664 991 3731 autor
1016 3656 1169 3752 imponit
1199 3656 1310 3732 linem
1344 3657 1430 3732 huic

257 3777 435 3872 materiae,
453 3783 491 3852 et
510 3777 666 3853 ostendit
684 3776 870 3870 quomodo
895 3777 963 3851 luit
987 3777 1213 3872 interruptus
1240 3783 1277 3851 et
1301 3777 1431 3852 termi-

258 3905 367 3973 natus
391 3919 515 3974 sermo
540 3898 722 3972 narrantis
738 3886 774 3989 (⁴)
801 3918 888 3972 cum
919 3897 999 3971 eius
1028 3916 1164 3994 magno
1193 3897 1340 3991 damno,
1366 3898 1430 3973 sed

257 4018 386 4092 maiori
412 4019 611 4112 dedecore;
638 4018 736 4092 uude
760 4017 865 4092 dicit:
890 4038 939 4090 un
963 4019 1118 4090 dimonte
1147 4021 1176 4091 tl
1198 4038 1363 4110 percosse
1388 4020 1431 4092 dc

257 4140 293 4211 tu
316 4160 383 4213 suu
406 4141 585 4233 scunbdo,
612 4139 699 4232 quia
724 4137 854 4232 aliquis
879 4137 1024 4212 daemon
1054 4138 1113 4211 bic
1143 4137 1259 4210 utitur
1284 4136 1428 4230 baculo,

256 4259 386 4353 aliquis
415 4260 563 4352 scutica,
590 4259 721 4351 aliquis
756 4257 859 4353 virga
885 4257 1025 4350 lerrea;
1053 4263 1089 4331 et
1119 4257 1190 4330 hoc
1215 4261 1269 4329 est
1294 4254 1429 4348 dicere,

256 4380 355 4475 quod
372 4380 567 4475 aliquando
585 4379 740 4453 maritus
756 4384 934 4452 cornutus
955 4375 1114 4471 percutit
1133 4376 1304 4449 lenonem
1322 4381 1359 4448 et
1375 4376 1430 4450 le-

319 4568 346 4631 (¹)
365 4573 419 4630 llo,
437 4568 612 4632 cupiditatem.
624 4566 692 4617 -E.
708 4566 843 4617 avaritiam
858 4570 885 4616 ot
901 4565 1077 4629 cupiditatem.

318 4644 347 4707 (¹)
363 4647 389 4697 S.
404 4646 567 4698 bononiensis
582 4644 764 4697 communiter.
859 4642 886 4705 (¹)
902 4643 933 4694 Ε.
949 4644 1053 4709 ailquid.
1148 4644 1175 4708 (⁸)
1192 4644 1222 4695 Ε,
1237 4644 1398 4698 „mmm
