3720 5566
604 508 742 563 clarus
768 509 925 564 uncinus
950 511 1079 564 nouus.
1382 497 1428 562 17

259 655 492 750 sessionibus,
509 654 672 749 pecuniis
697 661 735 728 et
759 655 924 749 castellis,
952 675 1063 749 super
1089 675 1218 729 omnes
1244 675 1426 728 romanos.

260 775 303 847 Et
320 775 357 846 in
373 795 489 869 parvo
500 779 679 869 tempore,
693 794 767 868 quo
780 774 881 867 vixit,
895 774 980 849 iecit
998 778 1137 867 septem
1152 773 1353 848 cardinales
1368 793 1429 848 ro-

260 914 399 988 manos,
421 905 464 970 ut
488 894 691 989 plurimum
709 915 795 967 suos
811 894 1026 968 attinentes:
1045 894 1139 967 inter
1156 893 1246 968 alios
1264 895 1347 968 iecit
1364 895 1430 970 do-

259 1014 402 1088 minum
427 1014 606 1088 Jacobum
633 1014 678 1089 de
704 1014 882 1089 Columna
907 1014 1222 1109 consanguineum
1241 1035 1363 1106 suum,
1382 1035 1430 1089 ne

260 1133 521 1208 Columnenses
534 1133 764 1207 adhererent
776 1132 1103 1207 Hannibalensibus
1119 1131 1272 1205 inimicis
1282 1124 1318 1224 (⁴)
1334 1133 1428 1228 suis;

259 1257 298 1326 et
330 1251 397 1325 init
421 1258 591 1347 reputata
619 1273 753 1348 magna
780 1272 849 1345 res,
881 1251 967 1345 quia
992 1252 1254 1326 Columnenses
1283 1251 1430 1325 fuerant

259 1371 389 1465 privati
414 1371 514 1443 omni
540 1370 716 1446 beneficio
742 1370 985 1445 ecclesiastico
1011 1391 1077 1465 per
1101 1370 1350 1445 Alexandrum
1371 1371 1428 1464 ΙΙΙ,

171 1567 175 1573 ,
260 1490 348 1583 quia
380 1491 543 1564 laverant
574 1490 788 1565 Fodericol
826 1495 954 1565 contra
988 1491 1203 1583 ecclesiam3
1237 1511 1323 1565 nam
1360 1491 1430 1564 Co·

261 1609 473 1682 lumnenses
497 1609 644 1684 inerant
669 1609 756 1683 olim
786 1609 834 1683 de
861 1609 1061 1683 Alemania.
1088 1609 1186 1684 Fecit
1212 1610 1321 1685 etiam
1350 1608 1429 1683 deri

262 1728 396 1803 nobilia
427 1735 463 1803 et
487 1750 620 1826 magna
646 1729 777 1823 palatia
808 1730 914 1825 juxta
945 1735 1115 1802 sanctum
1144 1729 1320 1822 Petrum3
1347 1729 1429 1803 lecit

260 1847 326 1921 sibi
348 1848 477 1921 donari
502 1849 684 1923 civitatem
703 1848 876 1921 Bononiae
894 1855 931 1922 et
947 1848 1162 1922 comitatum
1183 1848 1429 1922 Romandiolae

261 1969 498 2063 aRodulplro
526 1990 615 2066 rege
635 1989 893 2061 romanorum,
919 1970 1006 2063 quia
1036 1990 1110 2043 non
1136 1969 1273 2043 iecerat
1298 1967 1430 2042 transi-

261 2096 342 2161 tum
368 2089 404 2161 in
430 2089 582 2182 ltaliam,
609 2089 701 2162 sicut
726 2088 958 2183 promiserat:
980 2108 1065 2182 quae
1089 2087 1236 2161 donatio
1261 2107 1335 2159 non
1361 2086 1429 2159 fuit

260 2216 426 2303 reputata
448 2209 560 2303 justa,
582 2207 668 2302 quia
690 2208 902 2302 Rodulphus
919 2207 1113 2302 impeditus
1135 2206 1213 2280 aliis
1234 2207 1309 2280 suis
1326 2205 1428 2280 bellis

260 2336 298 2402 et
322 2328 433 2424 brigis
447 2320 497 2421 (¹),
525 2349 598 2402 non
624 2334 796 2422 potuerat
829 2329 1023 2423 pervenire
1053 2326 1100 2401 ad
1139 2327 1426 2401 benedictionem

258 2428 495 2543 imperialem.
523 2446 593 2520 Sed
618 2447 717 2539 quod
739 2447 861 2521 clerici
878 2447 1037 2542 capiunt,
1058 2467 1144 2521 raro
1164 2446 1369 2539 dimittunt;
1392 2452 1430 2519 et

258 2566 341 2641 lecit
364 2566 555 2641 dominum
581 2566 793 2641 Bertoldum
820 2574 989 2660 nepotem
1016 2586 1125 2639 sunm
1152 2564 1325 2640 comitem
1353 2565 1429 2637 llo-

258 2686 472 2780 mandiolae3
499 2694 536 2761 et
564 2687 784 2761 cardinalem
820 2687 1001 2780 Latinum,
1035 2685 1149 2758 tilium
1182 2685 1317 2758 sororis
1349 2703 1427 2757 suae

260 2812 387 2879 natum
421 2826 468 2879 ex
498 2805 807 2879 Brancaleonibus
839 2806 1011 2898 romanis,
1041 2805 1125 2880 lecit
1162 2803 1337 2899 legatum.
1373 2803 1426 2874 En

258 2924 361 2999 dictis
385 2947 474 3021 ergo
499 2931 609 3020 patet,
636 2925 664 2998 si
681 2915 718 3017 (³)
744 2945 837 3020 papa
861 2924 1031 2999 Nicotaus
1056 2923 1102 2998 de
1120 2922 1256 2996 Ursinis
1277 2922 1345 2995 fuit
1362 2942 1430 2994 ou·

258 3044 363 3140 pidus
387 3067 454 3141 pro
480 3045 700 3119 exaltatione
718 3048 1009 3118 suorumt-Dt
1032 3050 1130 3116 sotto.
1155 3042 1220 3116 llic
1237 3042 1429 3137 pradictus

258 3164 428 3239 Nicolaus
445 3164 613 3257 ostendit,
631 3163 730 3257 quod
755 3164 815 3237 alii
841 3163 1027 3237 simoniaci
1045 3168 1313 3257 praecesserunt
1329 3181 1429 3254 eum,

259 3291 297 3357 et
321 3283 381 3357 alii
407 3290 619 3377 sequentur,
646 3289 683 3357 et
708 3283 807 3376 quod
832 3282 869 3354 in
895 3282 1055 3357 adventu
1072 3279 1244 3355 Boniiacii
1261 3281 1337 3374 ipse
1355 3300 1429 3353 non

260 3404 418 3498 amplius
442 3404 640 3499 apparabat
653 3391 691 3494 (⁵)
717 3409 823 3477 entra
856 3423 941 3476 cum
974 3402 1155 3475 cruribus.
1189 3400 1291 3474 Unde
1321 3399 1428 3472 dicit:

261 3526 313 3615 pli
341 3526 435 3614 altri,
461 3523 595 3596 scilicet
626 3521 824 3617 pontifices,
858 3528 893 3596 et
919 3520 1104 3596 neminem
1141 3519 1315 3612 nominat,
1343 3517 1430 3611 quia

259 3643 380 3716 nullus
406 3641 525 3716 suerat
541 3645 627 3715 ante
643 3660 729 3714 eum
752 3641 801 3714 ita
819 3640 963 3734 publice
984 3639 1180 3712 infamatus
1197 3638 1244 3712 de
1261 3638 1428 3730 simonia,

259 3764 317 3834 clue
343 3763 556 3854 precemur
588 3782 642 3832 me
673 3761 949 3852 stmoaizzoado,
980 3758 1072 3833 idest
1102 3757 1279 3832 venaliter
1309 3755 1429 3831 dando

261 3900 375 3973 sacra,
400 3900 466 3951 soa
491 3882 588 3951 tratti
609 3880 648 3951 di
675 3886 763 3951 sotto
793 3881 833 3950 at
862 3881 932 3951 mio
961 3899 1064 3969 copo,
1099 3875 1185 3971 quia
1219 3874 1375 3968 amplius
1391 3864 1428 3965 (⁵)

261 4019 333 4073 non
358 4008 413 4075 est
437 3998 542 4091 quasi
568 3997 716 4071 infamia
740 3997 787 4071 de
812 3998 863 4071 eis
888 4003 1082 4093 postquam
1113 4016 1182 4090 ego
1212 3992 1429 4090 superveni3

259 4119 341 4194 ideo
365 4119 469 4192 dicit:
493 4121 595 4210 politti
615 4139 682 4210 per
698 4120 735 4190 lo
748 4120 889 4211 sessura
905 4120 948 4190 de
965 4121 1001 4190 lo
1013 4121 1143 4210 pietro,
1161 4116 1253 4190 idest
1273 4114 1430 4187 abscon-

260 4237 323 4312 diti
348 4238 442 4311 inira
466 4244 605 4312 terram
631 4239 713 4331 plus
738 4258 850 4330 qnam
876 4237 985 4311 luerit
1010 4233 1242 4311 absconditus
1263 4228 1429 4303 Caelesti-

323 4462 352 4527 [¹)
369 4468 423 4524 ltu,
439 4465 530 4515 ricinis
546 4466 606 4515 suls.
981 4463 1008 4525 (¹)
1024 4463 1055 4512 Ε,
1071 4458 1177 4523 brights.

324 4540 349 4602 (¹)
366 4541 397 4590 Ε·
413 4542 482 4605 Ιΰθᾶ
499 4555 572 4604 papa.
982 4538 1009 4604 (⁸)
1025 4539 1065 4599 E„
1081 4537 1108 4587 S.
1124 4548 1140 4584 o
1157 4537 1210 4594 llo,
1227 4528 1367 4595 apparebit

324 4616 351 4680 (⁸)
368 4620 423 4678 ild,
440 4618 550 4681 amplius
566 4620 638 4684 quad
652 4632 705 4670 non
722 4622 761 4669 est
778 4618 835 4681 plus
851 4615 962 4667 infamia.
