3720 5566
615 496 754 553 caurus
778 500 936 554 nunnus
961 499 1089 554 Nouus.
1196 535 1198 541 .
1396 490 1439 556 51

264 643 297 718 si
324 644 426 738 rolo;
452 644 535 718 ideo
561 642 645 717 veni
670 642 716 717 ad
742 649 789 738 te,
816 650 853 718 et
878 644 908 717 si
937 643 1118 738 promittis
1133 636 1169 736 (¹)
1202 644 1291 717 mihi
1320 644 1443 722 tacere

265 764 416 860 gratias,
442 785 535 859 quas
561 769 696 859 petam,
722 763 852 838 faciam
881 764 944 838 tibi
970 764 1081 838 istum
1110 766 1307 860 honorem;
1333 761 1442 841 etad

267 882 383 959 robur
409 885 494 960 dicti
519 885 577 959 sui
602 884 777 959 continuo
799 885 954 959 ostendit
970 885 1038 958 sibi
1055 886 1187 960 literas.
1207 887 1309 960 Tunc
1326 886 1443 962 Vasco

265 1006 422 1101 cupidus
439 1026 599 1080 summae
615 1004 807 1102 dignitatis,
822 1005 927 1099 quasi
945 1007 1168 1100 stupefactus
1182 1006 1328 1103 gaudio,
1342 1008 1444 1105 deje-

267 1125 318 1199 cit
342 1147 382 1200 se
406 1127 452 1201 ad
483 1127 594 1222 pedes
624 1126 733 1223 regis,
760 1131 797 1200 et
827 1125 934 1200 dixit:
968 1127 1123 1201 Domine
1154 1128 1217 1221 mi,
1249 1148 1347 1202 nunc
1379 1150 1444 1204 co·

265 1266 416 1341 gnosco‚
443 1246 545 1341 quod
570 1246 686 1341 diligis
711 1265 773 1320 me
797 1247 993 1339 plusquam
1018 1247 1207 1321 hominem
1239 1247 1379 1343 mundi,
1405 1255 1443 1323 et

272 1367 326 1441 vis
351 1367 506 1442 reddere
532 1366 622 1440 mihi
647 1366 785 1440 bonum
813 1387 880 1461 pro
902 1366 1019 1462 malo;
1042 1373 1148 1441 tuum
1167 1388 1257 1464 ergo
1275 1374 1330 1442 est
1346 1388 1443 1464 prae-

269 1487 406 1583 cipere,
427 1506 556 1561 meum
573 1493 699 1561 autem
725 1507 867 1583 parere.
895 1487 974 1562 Rex
1000 1487 1119 1562 erexit
1144 1508 1243 1583 eum,
1271 1495 1308 1563 et
1333 1509 1444 1563 oscu-

268 1608 347 1682 lato
380 1608 457 1702 ipso
490 1627 555 1703 per
590 1628 644 1701 os,
673 1606 762 1680 dixit
776 1632 798 1678 :-
818 1608 883 1680 llae
919 1614 1006 1681 sunt
1038 1607 1178 1703 gratie,
1212 1630 1304 1703 quas
1337 1610 1441 1684 volo:

270 1727 410 1820 Primo,
436 1727 534 1821 quod
559 1727 852 1801 recommunices
877 1746 940 1802 me
964 1727 1126 1822 perfecte
1139 1719 1177 1820 (²)
1204 1728 1378 1823 ecclesiae,
1406 1735 1443 1803 et

267 1847 435 1922 remittas
461 1845 600 1921 lacinus
625 1852 877 1942 perpetratum
905 1847 942 1920 in
967 1846 1206 1941 Boniiacium‚
1232 1854 1270 1922 et
1296 1868 1443 1922 recom-

266 1966 437 2041 munioes
465 1985 527 2040 me
552 1972 590 2040 et
614 1986 718 2041 meos
743 1986 931 2061 sequaces.
950 1965 1129 2061 secundo,
1148 1966 1248 2060 quod
1264 1965 1443 2041 concedas

270 2087 371 2181 mihi,
389 2092 428 2160 et
452 2086 566 2161 dones
586 2086 747 2161 decimas
768 2087 872 2184 regni
889 2107 955 2183 per
973 2086 1267 2181 quinquennium
1293 2086 1330 2159 in
1355 2086 1445 2160 sub·

263 2208 400 2283 sidium
428 2226 688 2301 expensarum,
711 2227 803 2301 quas
827 2207 896 2282 ieci
922 2207 960 2280 in
985 2207 1081 2282 bello
1101 2206 1289 2281 Flandriae.
1309 2207 1444 2300 lertio,

265 2328 369 2422 quod
399 2327 535 2401 debeas
568 2326 760 2402 destruere
789 2334 826 2400 et
855 2328 1048 2402 annullare
1079 2328 1298 2403 memoriam
1334 2326 1445 2401 Boni-

265 2448 362 2523 iacii.
398 2448 551 2542 Quarto,
585 2447 684 2541 quod
718 2447 848 2522 reddas
881 2447 1146 2523 cardinalatum
1164 2439 1200 2542 (³)
1237 2449 1372 2524 Jacobo
1407 2455 1446 2522 et

267 2568 379 2642 Petro
405 2566 452 2642 de
472 2566 662 2641 Columna.
680 2567 826 2661 Quinto,
845 2568 944 2661 quod
965 2568 1133 2643 destruas
1150 2569 1317 2644 ordinem
1334 2571 1445 2642 Tem-

267 2687 483 2782 plariorum.
519 2686 669 2760 Seutam
700 2687 855 2782 gratiam
891 2707 999 2762 servo
1015 2676 1051 2781 (⁴)
1084 2688 1174 2761 mihi
1205 2687 1252 2762 ad
1287 2695 1444 2782 tempus

265 2805 570 2900 Archiepiscopus
584 2796 621 2897 (ὅ)
644 2806 785 2902 juravit
809 2827 920 2901 super
944 2826 1079 2901 corpus
1108 2806 1238 2880 Christi
1269 2807 1392 2880 omnia
1406 2796 1444 2899 (ὅ)

269 2924 411 3018 iacere3
437 2932 475 2999 et
499 2926 597 2998 ultra
622 2926 692 3000 hoc
717 2924 816 3000 dedit
840 2924 908 2999 sibi
929 2925 967 2998 in
988 2926 1132 3001 obsides
1153 2947 1271 3000 unum
1293 2926 1446 3003 tratrem

268 3063 396 3138 suum,
413 3050 451 3119 et
474 3043 568 3118 duos
593 3051 761 3138 nepotes3
788 3050 826 3118 et
857 3064 924 3119 rer
945 3045 1085 3141 juravit
1111 3065 1199 3121 eum
1225 3045 1347 3131 iacere
1379 3067 1447 3143 pa-

270 3184 367 3260 pam.
395 3165 471 3238 lloc
497 3163 592 3238 lacto
617 3174 861 3258 recesserunt,
889 3170 926 3239 et
956 3185 1023 3240 rex
1048 3165 1152 3240 duxit
1178 3187 1307 3241 secum
1332 3167 1447 3242 dictos

268 3285 415 3360 obsides
439 3284 508 3358 sub
534 3285 658 3359 colore
689 3285 838 3379 amoris,
865 3295 908 3362 ut
936 3286 1188 3362 reconciliaret
1220 3309 1284 3363 eos
1315 3287 1446 3362 Carolo

268 3405 379 3478 fratri
404 3425 481 3479 suo.
509 3405 553 3478 ut
578 3424 750 3480 reversus
776 3404 948 3502 Parisius,
970 3406 1093 3481 statim
1120 3409 1301 3505 rescripsit
1326 3409 1447 3484 cardi-

270 3523 346 3598 nali
371 3524 417 3598 de
441 3526 551 3599 Prato
576 3531 615 3599 et
638 3526 766 3599 amicis
791 3526 838 3600 de
863 3532 968 3622 parte
993 3547 1073 3621 sua,
1099 3528 1200 3622 quod
1225 3549 1357 3604 secure
1382 3530 1447 3605 eli-

266 3651 401 3741 gerent
425 3645 616 3719 dominum
642 3645 904 3741 Raymundum
926 3646 963 3719 in
984 3668 1114 3742 papam
1139 3657 1330 3743 tamquam
1359 3671 1447 3745 per-

271 3762 410 3837 lectum
425 3765 599 3838 amicum.
614 3764 658 3838 ut
671 3763 721 3838 sic
736 3765 923 3862 trigesima
935 3754 971 3859 (⁷)
990 3767 1118 3861 quinta
1134 3767 1193 3842 die
1211 3771 1446 3864 responsione

271 3882 377 3978 tacta,
404 3885 596 3959 cardinalis
621 3884 667 3960 de
692 3886 802 3960 Prato
827 3906 915 3960 cum
940 3906 1121 3963 consensu
1144 3890 1311 3964 omnium
1337 3892 1448 3989 elegit

272 4002 488 4096 praedictum
515 4024 666 4099 papam:
686 4012 723 4079 et
746 4011 906 4098 utraque
930 4027 1014 4100 pars
1040 4027 1127 4082 cum
1153 4030 1289 4107 magno
1310 4011 1446 4107 gaudio

268 4122 455 4197 cantavit:
487 4129 532 4196 Tc
556 4129 669 4197 Deam
694 4126 891 4216 tondamus,
918 4124 1109 4221 ignorante
1140 4135 1245 4223 parte
1274 4130 1446 4204 Bonilacii

335 4385 363 4444 (¹)
380 4386 434 4443 tid,
452 4388 596 4448 promittas.
965 4389 993 4451 (¹)
1011 4394 1064 4452 111,
1081 4404 1130 4454 pro
1147 4391 1229 4443 tratre
1244 4391 1371 4445 ecclesie.

334 4459 361 4519 (⁸)
377 4459 408 4511 Ε.
425 4461 613 4516 cardinalatum
629 4466 739 4517 dominis
755 4466 861 4518 Iacobo.
966 4467 994 4530 (⁸)
1012 4471 1065 4528 111,
1083 4481 1189 4522 reservo
1206 4470 1278 4522 milri.

333 4537 364 4676 g}
379 4537 411 4666 ξ
421 4539 736 4670 ἶνινηοῶθιῖοὴὶορίιωρω.
966 4544 994 4608 (⁸)
1010 4545 1041 4596 Ε.
1057 4546 1144 4598 omnia
1160 4547 1217 4599 hoc
1232 4548 1280 4599 sibi
1296 4547 1392 4602 lacere.
