3720 5566
440 501 486 566 48
834 511 1038 566 consuram
1064 512 1215 565 inserui

438 677 508 728 nus
533 676 599 750 per
624 655 862 749 Bonilacium,
890 664 928 731 et
951 655 1068 751 peius,
1087 655 1174 749 quia
1192 675 1326 749 corpus
1344 656 1528 731 Coelestini
1545 658 1613 736 suit
1749 650 1753 655 ’

438 777 621 871 sepultum
646 775 740 849 inira
765 782 904 849 terram
929 775 1052 849 anima
1077 775 1223 887 yolante
1248 774 1295 848 ad
1318 777 1476 872 coelum;
1499 777 1563 852 sed
1590 797 1612 852 e

438 901 565 969 contra
597 895 730 968 animae
754 893 910 967 istorum
945 893 1231 968 simoniacorum
1264 900 1349 966 sunt
1373 895 1543 990 plantatae
1573 895 1610 968 in

439 1014 600 1089 terrain
626 1013 777 1087 modum
803 1014 985 1108 palorum,
1012 1018 1207 1087 eteorum
1233 1033 1389 1107 corpora
1419 1019 1504 1087 sunt
1533 1015 1610 1089 ele-

439 1141 522 1209 vata
548 1135 585 1207 in
610 1135 726 1207 altum
752 1133 789 1205 in
815 1132 1017 1228 magnificis
1035 1133 1242 1228 sepulturis.
1261 1133 1361 1208 ldem
1379 1133 1509 1208 accidit
1534 1133 1607 1226 isti3

438 1254 536 1328 unde
561 1253 669 1327 dicit:
694 1255 730 1325 io
755 1244 874 1325 diacoi
889 1246 1052 1325 cascberd
1070 1242 1106 1325 td
1124 1248 1198 1343 pit,
1219 1253 1353 1327 scilicet
1377 1252 1448 1326 sub
1469 1260 1607 1328 terram

438 1396 549 1471 supra
565 1366 602 1465 (¹)
628 1374 728 1466 alios,
755 1373 896 1464 querulo
922 1362 1030 1445 oerrd
1046 1375 1148 1463 colui,
1166 1372 1300 1447 scilicet
1318 1372 1533 1465 Bouilacius,
1553 1376 1609 1445 coi

437 1497 472 1567 io
497 1494 624 1565 medea
640 1494 699 1564 ode
712 1494 802 1585 sossi
825 1494 918 1564 altor
943 1492 994 1563 cd'
1008 1494 1043 1564 io
1065 1493 1133 1584 feci
1147 1494 1175 1564 d
1189 1492 1299 1565 cudite
1316 1494 1496 1581 (limando,
1517 1490 1606 1565 idest

439 1618 527 1685 tunc
553 1610 698 1705 quando
724 1600 898 1683 attonitus
925 1609 1086 1683 novitate
1111 1610 1177 1704 rei,
1200 1609 1320 1684 subito
1345 1609 1475 1706 petivi:
1502 1617 1606 1685 estu

436 1733 514 1827 jam
533 1731 602 1824 hic,
615 1729 788 1803 Boniiaci!
803 1749 842 1804 es
856 1735 895 1802 tu
909 1730 988 1824 jam
1002 1729 1072 1824 bic,
1087 1729 1262 1804 Bonisacil
1275 1731 1319 1804 Et
1335 1731 1393 1804 bic
1411 1736 1497 1804 nota
1510 1730 1606 1824 quod

438 1852 504 1925 ista
520 1843 557 1944 (¹)
589 1850 734 1925 fictione
767 1856 877 1923 autor
905 1849 984 1924 vult
1017 1849 1152 1944 dicere,
1178 1850 1277 1945 quod
1309 1851 1551 1926 invalescente
1568 1842 1603 1943 (³)

436 1972 590 2048 avaritia
616 1970 806 2045 homiuum
833 1969 1006 2045 continuo
1031 1970 1068 2043 in
1093 1970 1170 2045 dies
1186 1971 1303 2066 magis
1329 1976 1365 2045 et
1391 1971 1507 2066 magis
1527 1991 1607 2045 cre-

438 2093 514 2166 scit.
541 2090 702 2164 Simonia
727 2090 837 2164 etiam
863 2089 1026 2183 procedit
1051 2091 1098 2164 ab
1128 2091 1292 2184 avaritia,
1320 2091 1369 2165 ita
1399 2090 1497 2184 quod
1527 2096 1607 2185 post

438 2231 556 2286 unum
582 2210 822 2284 simoniacum
843 2228 940 2303 saepe
956 2210 1056 2283 venit
1072 2210 1176 2304 alius,
1194 2210 1278 2284 licet
1294 2231 1368 2284 nou
1385 2209 1605 2303 immediate,

438 2330 501 2424 qui
519 2328 610 2403 tollit
626 2316 661 2419 (⁴)
681 2328 867 2402 infamiam
885 2328 1046 2402 alterius.
1065 2329 1149 2402 ldeo
1167 2329 1262 2402 bene
1279 2328 1380 2424 fingit
1398 2329 1497 2423 quod
1514 2350 1605 2424 papa

438 2449 606 2524 Nicolaus
630 2450 677 2524 de
706 2448 843 2523 Ursinis
874 2449 963 2544 tegit
975 2441 1011 2540 (⁵)
1039 2468 1168 2523 omnes
1193 2449 1480 2543 predecessores
1506 2470 1603 2543 suos,

438 2569 525 2664 quia
550 2569 655 2663 quasi
681 2589 754 2641 nou
779 2574 860 2642 erat
884 2567 1032 2641 infamia
1056 2567 1103 2642 de
1127 2568 1299 2641 omnibus
1318 2568 1606 2662 precedentibus

437 2687 654 2782 simoniacis,
673 2685 819 2781 quando
845 2686 912 2760 iste
937 2686 1047 2781 coepit
1062 2676 1098 2778 (⁶)
1125 2685 1359 2781 simouizare3
1378 2693 1414 2761 et
1438 2688 1488 2761 ita
1513 2687 1606 2761 inia-

437 2809 511 2882 mia
543 2807 677 2881 Nicolai
697 2796 734 2898 (⁷)
768 2806 922 2880 cessabit
953 2806 1170 2881 adveniente
1198 2807 1393 2901 Boniiacio,
1426 2808 1513 2902 quia
1542 2830 1605 2881 su-

437 2917 629 3025 perabit(⁸)
661 2926 780 3021 ipsum
813 2932 851 3000 et
882 2946 1010 3000 omnes
1035 2926 1125 3000 alios
1156 2927 1349 3021 antiquos:
1376 2933 1412 3002 et
1443 2927 1492 3002 ita
1524 2934 1604 3023 post

437 3046 661 3122 Boniiacium
687 3045 849 3119 italicum
876 3045 997 3119 veniet
1012 3037 1049 3137 (⁹)
1080 3066 1177 3118 unus
1201 3045 1365 3141 gallicus,
1393 3047 1456 3139 qui
1486 3046 1605 3122 vincet

435 3187 565 3244 omnes
582 3166 619 3238 in
636 3163 802 3258 simonia,
819 3164 906 3258 quia
924 3165 1121 3239 simoniace
1138 3172 1237 3239 emet
1254 3165 1320 3239 sibi
1341 3172 1526 3261 papatum,
1539 3188 1605 3262 pa-

436 3285 603 3361 ciscendo
633 3283 680 3358 de
709 3304 755 3357 eo
784 3284 878 3358 sicut
909 3284 1030 3356 statim
1060 3283 1211 3360 dicetur.
1244 3286 1335 3358 Nota
1366 3285 1475 3359 etiam
1506 3285 1604 3379 quod

436 3406 529 3479 sicut
554 3424 666 3497 supra
691 3403 728 3476 iu
754 3409 912 3477 tractatu
937 3403 1197 3479 haereticorum
1226 3410 1336 3479 autor
1365 3412 1490 3480 noster
1515 3407 1604 3480 arti·

435 3525 558 3600 liciose
583 3523 685 3596 linxit
700 3514 764 3617 (ω),
790 3522 889 3617 quod
907 3522 1026 3597 omnis
1043 3523 1261 3598 haeresiarca
1281 3525 1391 3599 babet
1416 3547 1522 3599 suam
1543 3547 1603 3599 ar-

435 3646 543 3719 cham
569 3664 753 3739 magnam,
771 3643 808 3716 in
834 3664 908 3737 qua
933 3649 1018 3717 sunt
1038 3643 1169 3737 sepulti
1188 3642 1298 3717 simul
1323 3664 1450 3719 secum
1475 3665 1602 3720 omnes

435 3765 493 3840 sui
509 3783 706 3858 sequaces3
727 3763 776 3837 ita
794 3783 893 3836 nunc
918 3783 940 3836 a
966 3763 1072 3835 simili
1099 3763 1136 3835 in
1160 3762 1229 3837 isto
1252 3769 1410 3838 tractatu
1429 3764 1602 3839 simonia-

434 3905 577 3978 corum,
604 3883 668 3976 qui
692 3883 827 3958 habent
853 3903 1027 3977 maguam
1044 3882 1334 3957 convenientiam
1352 3905 1437 3957 cum
1456 3883 1601 3958 haereti-

434 4005 495 4098 cis,
511 4002 613 4098 fingit
627 4001 725 4095 quod
737 4022 906 4074 summus
922 4000 1082 4094 pontifex
1099 4000 1209 4075 habet
1226 4002 1285 4076 bic
1298 4023 1408 4075 suum
1424 4001 1601 4096 foramen,

495 4231 523 4297 (¹)
539 4230 565 4281 S.
581 4231 630 4281 sub
646 4231 717 4281 allos.
1075 4227 1102 4293 (’)
1119 4231 1149 4280 E.
1167 4232 1193 4281 in
1209 4231 1265 4281 ista.

496 4308 522 4372 (²)
539 4308 569 4357 B.
586 4307 758 4359 invalescente
778 4307 892 4367 avaritia,
909 4306 1032 4357 contiuuo
1053 4307 1134 4369 magis
1150 4312 1177 4357 et
1193 4308 1274 4371 magis
1294 4307 1389 4358 crescit
1409 4307 1527 4369 simonia,
1543 4319 1601 4371 que

434 4385 551 4448 procedit
567 4384 599 4432 ab
615 4385 729 4434 avaritia.
1073 4383 1099 4446 (¹)
1117 4383 1148 4433 E.
1166 4383 1233 4433 tulit.

496 4459 523 4521 (¹)
540 4459 565 4508 S.
582 4461 673 4523 tetigit.
1072 4458 1099 4522 (⁰)
1116 4458 1146 4508 Ε.
1163 4459 1275 4522 incoepit.

495 4534 523 4595 (’)
539 4535 570 4584 Ε.
586 4536 663 4586 buius
680 4537 789 4588 Nicolai.
1072 4535 1100 4598 (¹)
1117 4538 1170 4595 116,
1188 4536 1334 4599 superabat.

496 4610 524 4673 (⁹)
541 4614 595 4671 116,
612 4612 690 4663 venit
1061 4609 1098 4675 (¹⁸)
1114 4611 1140 4661 S.
1156 4625 1172 4662 e
1190 4616 1243 4673 116,
1260 4612 1380 4663 ostendit.
