3720 5566
600 456 738 511 clarus
763 455 921 510 pucruus
946 456 1075 510 nonus.
1374 444 1419 511 39

250 624 323 698 quo
349 602 520 698 portabat
544 621 617 695 me,
638 604 694 674 sin
718 621 772 673 mc
796 603 916 692 manse
942 604 981 673 al
1003 606 1109 691 rotto,
1134 599 1225 673 idest
1257 579 1311 703 ad„
1334 600 1421 675 illud

251 723 419 797 foramen
448 730 632 814 cavatum,
660 722 698 792 di
725 722 806 811 quet
831 722 892 792 cte
918 722 951 792 si
977 722 1108 810 pinpea
1133 740 1199 791 con
1224 722 1260 792 la
1284 722 1422 813 manca,

251 841 341 916 idest
368 840 463 914 illius
487 860 591 934 papae
616 837 750 912 Nicolae
767 831 817 932 (¹),
843 838 907 932 qui
932 837 982 911 ita
1007 838 1167 933 agitabat
1197 857 1308 912 crura
1338 860 1424 935 per·

251 962 391 1037 cutiens
417 961 477 1035 illa
503 959 686 1033 invicem:
699 958 801 1033 Unde
818 958 901 1032 vide
917 957 1016 1052 quod
1041 959 1230 1032 simoniaci
1247 959 1424 1055 plangunt

252 1102 337 1156 cum
363 1080 547 1172 cruribuS,
566 1078 629 1152 ubi
654 1079 863 1153 adulatores
888 1079 925 1151 in
950 1077 1075 1174 bulgia
1099 1078 1318 1173 praecedenti
1344 1080 1424 1174 plo·

253 1201 382 1275 rabant
395 1192 431 1293 (²)
459 1220 545 1274 cum
573 1198 743 1272 manibus
771 1197 1018 1294 percutientes
1043 1197 1110 1270 sibi
1135 1199 1293 1292 palmas3
1327 1200 1424 1274 unde

253 1320 465 1418 magnitudo
491 1319 626 1394 doloris
642 1320 679 1392 in
696 1319 771 1392 istis
796 1340 870 1393 non
887 1317 1171 1412 deprehenditur
1191 1318 1258 1392 nisi
1279 1339 1326 1392 eu
1347 1319 1424 1416 agi-

253 1441 389 1518 tatione
414 1439 559 1535 pedum.
576 1443 673 1512 -0
697 1443 789 1531 quat.
817 1438 881 1512 llic
911 1444 1020 1511 autor
1052 1438 1207 1512 ostendit
1238 1438 1424 1533 quomodo

253 1560 438 1635 allocutus
461 1558 571 1633 luerit
597 1558 707 1632 istum
734 1557 915 1651 spiritum,
941 1562 978 1630 et
1003 1556 1154 1631 adverte
1179 1559 1288 1651 quale
1313 1578 1425 1632 exor-

253 1680 358 1754 dium
384 1678 477 1773 lacit,
502 1678 589 1772 quia
615 1677 761 1752 nolebat
776 1668 812 1770 (³)
840 1683 988 1771 captare
1013 1677 1295 1751 benivolentiam
1322 1679 1425 1752 istius

212 1864 216 1870 ,
253 1798 453 1873 sacerdotis
476 1797 681 1892 simoniaci3
708 1797 806 1872 unde
822 1796 925 1873 dicit:
952 1801 993 1869 lo
1013 1798 1208 1887 coniectat,
1226 1799 1354 1892 supple
1371 1797 1426 1870 di-

253 1939 350 2012 cere,
376 1940 399 1990 o
424 1921 585 2010 quarm·
608 1920 670 2009 ste,
697 1918 811 1991 idest:
838 1938 861 1991 o
887 1916 1114 2012 quicumque
1138 1916 1198 2010 sis,
1225 1919 1284 1989 cte
1304 1920 1385 1990 ttoni
1400 1920 1428 1990 it

255 2042 293 2112 di
316 2060 357 2110 sa
380 2040 418 2110 di
440 2044 542 2128 cotto,
559 2037 650 2112 idest
676 2036 740 2130 qui
756 2036 884 2110 ordine
901 2056 1076 2130 perverso
1094 2040 1196 2109 tenes
1212 2041 1323 2130 caput
1339 2056 1426 2130 par·

257 2164 331 2231 tem
361 2156 577 2230 nobiliorem
603 2163 641 2231 et
669 2155 897 2250 superiorem
925 2155 962 2228 in
991 2154 1079 2228 limo
1107 2161 1227 2248 terrae,
1253 2160 1289 2228 et
1314 2153 1425 2248 pedes

256 2284 399 2373 partem
417 2277 584 2352 viliorem
602 2278 812 2351 inferiorem
831 2297 979 2350 sursum
997 2283 1125 2350 contra
1145 2276 1302 2368 coelum3
1321 2275 1426 2369 quasi

256 2398 363 2491 dicat,
378 2398 439 2490 qui
459 2417 533 2469 non
549 2397 641 2491 petis
661 2397 728 2469 nisi
748 2403 883 2472 terram
900 2385 951 2489 (⁴),
968 2402 1006 2469 et
1022 2395 1188 2470 calcitras
1205 2401 1333 2469 oontra
1350 2415 1427 2469 coe·

256 2520 344 2611 lum,
363 2515 462 2610 quod
480 2536 685 2610 numquam
704 2515 852 2610 videbis,
870 2518 991 2588 anima
1010 2519 1124 2606 tra'sta,
1142 2536 1237 2588 come
1250 2518 1316 2607 pal
1331 2536 1426 2587 com-

256 2657 385 2727 messa,
412 2634 546 2709 scilicet
571 2636 729 2730 plantata
755 2644 792 2710 et
817 2634 890 2709 lixa
914 2634 960 2709 ad
986 2634 1140 2709 modum
1170 2633 1240 2728 pali
1272 2632 1426 2726 lortiter,

257 2757 304 2830 ita
331 2753 430 2849 quod
456 2774 529 2827 non
554 2761 657 2848 potes
686 2754 770 2828 inde
801 2753 931 2851 divelli,
957 2754 1020 2828 sed
1051 2774 1195 2848 semper
1225 2752 1335 2826 stabis
1365 2751 1428 2845 ibi,

120 2907 133 2925 ι
256 2874 373 2948 donec
390 2872 511 2947 veniet
528 2874 632 2967 palus
649 2893 778 2965 novus,
797 2873 860 2966 qui
877 2873 1046 2949 detrudet
1063 2865 1100 2965 (ὅ)
1120 2879 1156 2947 te
1173 2873 1364 2947 decessum
1376 2863 1429 2965 (⁶),

254 2996 307 3086 [α’
319 2998 423 3065 motto
448 3013 485 3064 se
510 2999 545 3064 ta
564 2995 660 3083 poci.
689 2991 765 3065 lloc
789 3012 856 3085 pro
882 2998 983 3067 tanto
1004 2992 1089 3066 dicit
1114 2993 1201 3085 quia
1227 3013 1300 3066 non
1327 2991 1428 3066 vide·

257 3113 366 3186 batur
390 3111 486 3185 bene
511 3110 718 3203 verisimile,
745 3109 843 3204 quod
868 3111 928 3184 ille
953 3118 1074 3205 posset
1103 3112 1197 3186 bene
1225 3110 1338 3204 loqui,
1364 3110 1429 3204 qui

258 3230 414 3304 babebat
444 3250 485 3303 os
517 3230 698 3324 repletum
730 3234 840 3322 terra,
869 3229 950 3303 ideo
980 3237 1090 3303 autor
1121 3230 1238 3303 stabat
1268 3231 1428 3302 multum

259 3354 429 3424 attentus.
444 3389 492 3402 -
505 3353 546 3421 lo
570 3356 683 3422 stava.
706 3348 770 3423 llic
796 3355 905 3422 autor
930 3348 1113 3443 specificat
1129 3370 1235 3422 suam
1256 3370 1429 3445 magnam

261 3469 495 3543 attentionem
528 3488 595 3564 per
628 3488 739 3542 unam
774 3469 1086 3563 comparationem
1125 3469 1340 3543 mirabilem.
1375 3467 1428 3541 Ad

260 3588 366 3663 cuius
395 3587 677 3662 declarationem
703 3586 814 3662 debes
844 3587 1076 3662 considerare
1101 3609 1239 3681 casum,
1266 3588 1329 3681 qui
1363 3586 1430 3660 ali-

260 3707 407 3802 quando
432 3707 607 3804 contingit
625 3707 663 3779 in
684 3706 833 3801 mundo,
852 3706 997 3800 scilicet,
1016 3706 1115 3800 quod
1136 3728 1233 3780 unus
1250 3705 1430 3801 pessimus

260 3827 413 3901 sicarius
437 3827 632 3902 damnatus
657 3847 723 3922 per
744 3825 922 3921 justitiam
950 3827 1189 3920 temporalem
1216 3826 1262 3900 ad
1288 3826 1430 3922 planta-

262 3947 396 4023 tionem
416 3947 591 4043 corporis,
608 3954 802 4043 postquam
829 3953 884 4021 est
910 3947 1048 4041 positus
1071 3948 1106 4020 in
1132 3947 1227 4021 fossa
1253 3967 1340 4020 cum
1367 3967 1430 4020 ca-

262 4066 338 4161 pite.
357 4066 532 4140 deorsum
558 4070 707 4141 revocat
732 4065 977 4141 consessorem
1009 4088 1118 4142 suum
1146 4074 1187 4140 ut
1213 4066 1432 4141 confiteatur

260 4185 327 4259 sibi
351 4184 488 4279 aliquid
513 4191 718 4280 peccatum,
736 4191 772 4259 et
789 4184 886 4259 dicat
903 4186 969 4259 sibi
987 4187 1123 4281 aliquid
1141 4186 1188 4260 de
1205 4204 1311 4259 novo.
1331 4184 1434 4255 Tunc

324 4396 352 4460 (¹)
368 4399 399 4449 Ε.
416 4412 431 4449 e
448 4395 503 4461 llo,
520 4401 628 4454 Nleolri.
1059 4399 1086 4464 (¹)
1104 4402 1134 4452 E.
1151 4399 1314 4465 plangebant.

324 4471 352 4537 (⁸)
368 4474 399 4524 E.
416 4475 526 4527 volcbal.
1058 4478 1085 4539 (⁸)
1102 4477 1132 4527 E.
1150 4481 1263 4527 terrem.

324 4548 352 4614 (⁸)
368 4550 399 4601 E.
415 4552 461 4616 qni
476 4552 594 4605 demittet
610 4560 636 4605 te
652 4554 782 4615 deorsum,
797 4553 929 4618 sa'motto.
1058 4554 1086 4618 (⁸)
1103 4558 1148 4605 116
1165 4566 1180 4603 e
1196 4553 1222 4603 S.
1239 4552 1370 4603 deorsum.
