3720 5566
432 491 477 556 20
830 499 1032 554 cousnruu
1058 500 1209 553 iuream

430 646 509 718 lum
526 644 736 740 impositum
756 644 792 716 in
809 643 1015 718 naviculam
1030 636 1068 734 (¹)
1086 643 1183 716 misit
1199 647 1305 715 extra
1325 641 1482 714 insulam
1500 660 1603 714 oom-

431 764 607 839 mendans
639 765 759 859 ipsum
793 762 860 837 diis
886 770 923 837 et
952 764 1127 856 lortunae3
1154 767 1191 835 et
1216 761 1310 836 lacto
1341 760 1427 857 igne
1451 760 1603 835 simula-

429 885 496 959 bat
515 877 552 977 (²)
591 884 712 958 lacere
748 884 858 958 sunus
896 884 949 978 ei3
980 888 1016 957 et
1049 883 1100 957 sic
1134 883 1252 957 insula
1286 881 1413 956 nobilis
1447 879 1601 974 campis,

428 1003 570 1098 divitiis,
595 1003 682 1077 viris
708 1009 746 1077 et
774 1002 923 1097 viribus
954 1010 991 1079 et
1017 1022 1134 1096 nuper
1163 1001 1272 1075 ditata
1299 1000 1490 1095 triumphis
1516 1002 1601 1074 hos·

430 1125 522 1201 tium
548 1123 701 1219 perdidit
725 1123 835 1196 simul
860 1130 897 1198 et
922 1123 1036 1197 semel
1061 1142 1190 1196 omnes
1216 1123 1408 1195 masculos.
1439 1121 1484 1193 Et
1515 1140 1600 1194 ecce

430 1245 467 1319 in
491 1245 621 1319 diebus
646 1243 711 1316 illis
736 1251 822 1318 ante
847 1242 1003 1338 primam
1030 1242 1314 1317 destructionem
1333 1242 1450 1317 Troiae
1471 1262 1601 1336 super-

429 1363 530 1440 venit
553 1363 600 1438 ad
626 1363 781 1437 insulam
807 1363 910 1436 navis
935 1384 1069 1458 magna
1095 1361 1236 1436 famosa
1260 1362 1355 1436 dicta
1379 1362 1490 1456 Argo,
1512 1380 1598 1435 cum

430 1506 505 1579 qua
530 1483 673 1557 inclitus
698 1482 807 1556 Iason
832 1503 918 1556 cum
944 1482 1157 1578 argonautis
1187 1483 1262 1556 suis
1288 1481 1488 1577 juvenibus
1520 1479 1599 1553 ani-

431 1603 542 1678 mosis
580 1604 655 1678 ibat
692 1602 730 1675 in
768 1603 957 1698 regionem
1000 1603 1213 1677 colchorum
1250 1602 1297 1677 ad
1334 1601 1599 1697 acquirendum

429 1744 588 1799 aureum
616 1722 741 1797 vellus.
769 1721 813 1793 Et
837 1721 1011 1796 continuo
1037 1723 1212 1796 mulieres
1241 1722 1386 1797 lemniae
1415 1722 1492 1796 visa
1517 1721 1600 1795 navi

429 1842 587 1917 mirabili
612 1840 834 1935 suspicantes
858 1840 956 1934 quod
973 1846 1069 1915 esset
1090 1841 1198 1915 missa
1212 1833 1252 1933 (³)
1279 1841 1450 1914 divinitus
1475 1840 1521 1914 ad
1547 1839 1601 1913 la-

430 1962 599 2038 ciendum
621 1961 761 2056 justam
787 1960 981 2034 vindictam
1011 1960 1057 2035 de
1089 1960 1340 2035 crudelissimo
1370 1961 1509 2036 scelere
1537 1980 1601 2034 ea·

431 2104 529 2177 rum,
542 2067 857 2172 concurreruntl⁴l
878 2079 924 2153 ad
939 2080 1075 2153 moenla
1093 2080 1247 2154 civitatis
1261 2081 1467 2156 munientes
1481 2088 1601 2153 turres

430 2201 619 2297 lapidibus
637 2201 744 2295 saxiS,
763 2200 862 2294 paliS,
881 2206 919 2274 et
938 2200 1130 2275 induentes
1147 2201 1262 2275 tristia
1287 2223 1392 2276 arma
1418 2203 1600 2275 maculata

431 2320 609 2417 sanguine
634 2341 801 2414 suorum,
825 2320 1005 2415 parabant
1021 2340 1062 2393 se
1078 2319 1124 2393 ad
1144 2320 1402 2396 defensionem.
1422 2322 1516 2396 Cum
1534 2342 1602 2395 au-

433 2449 506 2517 tem
534 2441 637 2515 navis
661 2441 800 2514 lasonis
818 2440 1127 2535 appropinquaret
1144 2441 1190 2514 ad
1207 2442 1362 2515 insulam
1381 2462 1448 2537 per
1459 2443 1600 2537 jactum

431 2561 768 2660 sagittae-immine
792 2582 878 2636 cum
909 2560 1088 2635 debilibus
1115 2562 1284 2637 manibus
1314 2562 1506 2637 mittebant
1531 2562 1602 2636 tela

431 2691 559 2761 contra
585 2684 682 2757 viros
707 2682 931 2775 fortissimos,
959 2681 1085 2776 quales
1118 2690 1223 2756 erant
1255 2683 1442 2777 Hercules,
1473 2683 1602 2756 Thela-

432 2824 530 2896 mon,
556 2802 697 2894 Nestor,
723 2801 849 2875 Castor
875 2805 912 2874 et
937 2801 1079 2895 Pollux,
1106 2809 1143 2876 et
1173 2802 1233 2876 alii
1267 2802 1334 2877 viri
1366 2802 1600 2899 magnanimi.

431 2926 533 2997 lunc
550 2921 659 2995 lason
680 2940 765 2993 cum
786 2941 891 2995 ramo
908 2920 1014 2994 olivae
1032 2929 1069 2995 et
1086 2921 1205 2996 sronte
1221 2943 1363 3017 serena,
1381 2923 1492 3017 petita
1509 2922 1603 2997 fidu-

431 3043 499 3136 cia,
525 3039 689 3116 narravit
712 3058 865 3113 causam
896 3039 954 3112 sui
979 3038 1178 3133 adventus3
1205 3047 1242 3114 et
1267 3041 1428 3115 breviter
1453 3041 1604 3114 luerunt

432 3159 568 3255 recepti
593 3158 750 3253 benigne
775 3178 903 3232 omnes
929 3158 1024 3232 intra
1049 3159 1233 3232 civitatem
1258 3161 1339 3234 loco
1360 3160 1526 3234 virorum
1548 3161 1603 3232 in·

432 3280 690 3371 terlectorum;
716 3284 754 3352 et
779 3278 1004 3353 invenientes
1029 3278 1078 3352 ibi
1104 3279 1248 3353 dulcem
1263 3270 1300 3372 (ὅ)
1323 3286 1510 3374 pasturam
1530 3286 1604 3354 ste-

431 3405 556 3476 terunt
580 3418 645 3494 per
671 3418 821 3491 annum,
847 3405 885 3472 et
909 3398 1052 3493 lsipbile
1077 3418 1271 3494 praegnans
1301 3399 1347 3474 de
1377 3400 1509 3474 Jasone
1539 3421 1604 3495 pe-

430 3520 524 3616 perit
549 3517 735 3614 gemellos
762 3517 871 3592 lason
896 3525 1021 3593 autem
1039 3519 1193 3612 cupidus
1213 3519 1352 3615 gloriae,
1371 3540 1445 3594 non
1469 3520 1603 3593 oblitus

431 3638 579 3713 lionoris
610 3638 667 3712 sui
705 3639 818 3713 voluit
844 3639 898 3713 ire
932 3639 1030 3713 viam
1064 3660 1184 3733 suam,
1209 3644 1246 3712 et
1275 3640 1440 3734 promisit
1472 3641 1602 3735 lsipbili

431 3766 661 3835 sacramento
687 3779 727 3833 se
757 3759 963 3834 rediturum
990 3778 1056 3853 per
1090 3760 1247 3833 insulam
1279 3761 1448 3855 Lemnos,
1474 3765 1511 3834 et
1542 3780 1603 3833 as-

430 3884 667 3975 sumpturum
694 3879 808 3973 ipsam
835 3879 872 3952 in
905 3898 1075 3972 sponsam
1106 3879 1254 3954 unicam
1290 3880 1318 3953 si
1350 3884 1601 3954 reverteretur

430 3999 506 4074 voti
531 4018 691 4092 compos.
718 3997 788 4072 Sed
817 4002 944 4092 captus
978 4017 1074 4071 novo
1104 4019 1234 4073 amore
1264 3999 1398 4073 lledeae
1431 4019 1603 4073 reversus

430 4127 486 4196 est
510 4120 548 4194 in
572 4118 741 4214 patriam,
766 4117 908 4211 lsipbile
931 4117 1114 4192 derelicta.
1143 4117 1280 4192 Deinde
1306 4118 1403 4193 lama
1429 4119 1523 4193 saeta
1549 4126 1604 4194 est

431 4240 468 4315 in
494 4239 612 4313 insula
636 4240 793 4313 Lemnos
815 4236 913 4331 quod
930 4236 1073 4332 lsipbile
1089 4237 1310 4312 liberaverat
1327 4249 1471 4334 patrem
1493 4258 1602 4312 suum

493 4464 522 4526 (¹)
539 4471 593 4525 llo,
610 4466 637 4515 ln
654 4467 779 4517 navicula.
1108 4463 1135 4528 (¹)
1152 4464 1182 4514 E.
1199 4465 1336 4515 simulabat
1352 4464 1430 4515 funus
1445 4465 1509 4516 eius.

493 4540 519 4603 (⁸)
535 4541 566 4590 E.
582 4543 657 4590 missa
675 4542 787 4592 mirabili
803 4542 936 4593 divinitate
953 4540 985 4590 ed
1001 4540 1155 4591 faciendam.

495 4616 524 4679 (⁸)
541 4617 571 4667 Ε.
588 4623 771 4669 cucurrerunt.
1109 4617 1136 4680 ι’)
1153 4617 1183 4668 Ε.
1200 4618 1331 4682 duplicem
1347 4621 1488 4681 pasturam.
