3720 5566
435 458 483 524 28
832 465 1035 520 conenrun
1060 465 1209 518 insuam

435 632 562 687 emere
588 616 663 684 tam
689 630 777 684 caro
803 608 930 703 praetio
956 607 1230 703 poenitudinem.
1255 605 1325 680 Sed
1345 606 1375 680 si
1392 608 1609 683 Demosthe-

436 751 501 806 nes
526 731 583 806 vir
608 731 750 826 sapiens
777 728 903 803 vitavit
928 746 1114 801 venenum
1132 726 1240 800 dulce
1264 726 1367 800 istius
1393 728 1608 822 meretricis,

436 874 510 925 non
535 857 659 924 mmen
694 849 754 923 alii
785 853 954 943 poterant
987 848 1145 922 evadere
1175 868 1195 921 a
1228 848 1368 941 laqueis
1394 848 1484 922 eius.
1516 849 1608 922 Nam

436 971 530 1045 sicut
554 970 678 1044 scribit
704 968 906 1062 Terentius,
926 968 988 1062 qui
1007 968 1254 1062 propriissime
1278 968 1466 1064 descripsit
1487 980 1609 1043 mores

436 1092 612 1165 lenonum
639 1096 677 1164 et
701 1089 948 1182 adulatorum,
968 1088 1035 1162 ista
1059 1088 1166 1161 Thais
1191 1088 1258 1161 luit
1283 1089 1505 1163 astutissima
1530 1110 1610 1165 mc-

438 1211 564 1304 retrir,
590 1210 696 1284 cuius
721 1216 820 1299 artes
846 1214 883 1283 et
908 1208 1055 1282 fraudes
1084 1208 1215 1282 dilluse
1247 1208 1362 1303 tangit
1387 1210 1424 1281 in
1449 1209 1609 1284 secunda

438 1329 620 1404 comoedia
647 1349 730 1424 quse
755 1329 961 1402 intitulatur
984 1329 1196 1402 Eunuchus.
1227 1329 1359 1401 Narrat
1387 1328 1484 1402 enim
1511 1329 1611 1421 quod

440 1449 547 1522 Thais
567 1449 717 1523 amabat
742 1447 939 1542 quemdam
964 1447 1213 1523 atheniensem
1240 1446 1388 1521 nomine
1403 1446 1610 1541 Phedriam,

439 1575 477 1643 et
502 1575 583 1663 post
608 1569 717 1641 istum
744 1567 844 1642 venit
869 1567 1016 1662 quidam
1051 1566 1155 1640 miles
1184 1558 1376 1659 Trassol¹),
1402 1567 1466 1659 qui
1496 1568 1613 1664 tetigit

439 1708 537 1782 eam,
552 1694 588 1761 et
614 1688 687 1782 ipsa
709 1686 819 1781 coepit
835 1706 970 1761 vacare
987 1686 1044 1759 isti
1062 1692 1210 1780 propter
1229 1686 1343 1780 pilare
1363 1706 1462 1759 eum.
1482 1689 1613 1762 Trasso

442 1814 637 1882 autemut
666 1812 831 1881 servaret
862 1806 929 1879 sibi
959 1826 1127 1880 amorem
1157 1806 1248 1899 eius,
1280 1812 1318 1881 et
1347 1807 1552 1881 retraheret
1574 1798 1610 1899 (²)

440 1947 524 2001 eam
549 1926 597 1999 ah
621 1946 751 2000 amore
783 1925 946 1999 Phedriae
978 1945 1089 2018 quem
1121 1924 1197 2019 ipsa
1227 1925 1420 2000 videbatur
1449 1925 1612 2022 diligere,

441 2045 607 2141 promisit
630 2044 770 2118 donare
795 2044 861 2117 sihi
887 2064 1000 2118 unam
1026 2044 1235 2119 ancillulam
1265 2045 1456 2140 virginem,
1483 2052 1521 2119 et
1545 2046 1612 2120 ista

439 2173 589 2263 propter
615 2166 684 2239 hoc
710 2155 907 2256 nolebat(³)
935 2165 1089 2260 perdere
1113 2186 1281 2240 amorem
1308 2166 1472 2240 Phedriae
1493 2187 1516 2240 a
1537 2187 1611 2259 quo

442 2289 559 2361 multa
578 2291 766 2381 rapuerat:
786 2291 822 2360 et
844 2285 1061 2362 utbreviter
1078 2285 1209 2380 dicam,
1227 2288 1357 2360 Trasso
1376 2286 1471 2359 misit
1488 2285 1611 2359 Thaidi

441 2408 620 2503 virginem
635 2406 851 2501 promissam
870 2425 935 2500 per
952 2405 1150 2498 quemdam
1164 2407 1334 2479 lenonem
1354 2407 1502 2480 nomine
1514 2406 1613 2479 Gna-

442 2534 578 2620 tonem,
605 2525 667 2619 qui
694 2525 831 2620 optime
857 2531 1011 2598 noverat
1035 2531 1153 2598 artem
1180 2524 1361 2618 adulandi,
1383 2525 1447 2618 qui
1470 2524 1613 2600 dicebat

440 2650 487 2723 de
504 2669 563 2723 se:
582 2668 669 2722 cum
687 2644 848 2720 maxime
865 2643 1005 2738 decipio
1023 2651 1110 2718 tunc
1129 2643 1331 2738 triumph03
1349 2651 1386 2719 et
1403 2645 1507 2738 hene,
1526 2645 1613 2737 quia

443 2768 523 2841 finis
548 2766 747 2841 adulatoris
772 2771 826 2838 est
851 2764 1030 2859 decipere,
1048 2765 1142 2839 sicut
1165 2765 1295 2839 medici
1312 2785 1454 2859 sanare,
1473 2771 1510 2840 et
1527 2766 1613 2840 rhe-

441 2887 546 2962 torici
572 2885 805 2981 persuadere.
833 2885 951 2958 Gnato
982 2905 1072 2980 ergo
1097 2885 1280 2981 assignata
1306 2885 1448 2982 virgine
1477 2885 1611 2980 Thaidi,

443 3027 616 3082 reversus
641 3012 696 3079 cst
721 3005 767 3078 ad
792 3005 1008 3079 Trassonem
1035 3005 1225 3079 dominum
1252 3028 1376 3099 suum,
1400 3006 1464 3100 qni
1489 3006 1614 3101 petivit

443 3127 472 3200 si
499 3126 605 3199 Thais
632 3125 808 3200 retulerat
831 3131 955 3221 grates
982 3146 1144 3221 magnas.
1168 3126 1363 3220 Respondit
1383 3126 1519 3200 Gnato:
1538 3126 1612 3200 imo

442 3247 626 3341 ingentes;
654 3245 756 3338 quasi
775 3244 881 3338 dicat,
900 3244 1091 3337 maximas,
1109 3245 1207 3318 ultra
1229 3265 1392 3340 magnas,
1416 3245 1613 3339 mirabiles,

442 3366 579 3439 nedum
596 3384 762 3459 magnas,
776 3363 863 3457 quia
880 3363 1008 3459 ingens
1026 3364 1106 3458 plus
1124 3363 1297 3457 importat
1312 3385 1425 3457 quam
1445 3385 1611 3461 magnus.

442 3486 547 3559 Nunc
573 3485 620 3559 ad
645 3485 801 3578 literam,
826 3483 911 3558 dicit
936 3491 1068 3558 autor:
1095 3486 1129 3556 el
1150 3486 1254 3575 duca,
1272 3484 1408 3560 scilicet
1432 3486 1613 3583 Virgilius,

442 3609 492 3678 mi
508 3608 599 3677 disse
617 3625 786 3697 oppresso
803 3596 870 3696 cid,
887 3602 979 3677 idest
995 3610 1076 3697 post
1093 3623 1137 3676 ea
1155 3623 1240 3696 quae
1256 3604 1397 3678 dixerat
1413 3605 1459 3678 de
1475 3605 1613 3699 Alexio,

441 3728 493 3819 [α’
511 3727 571 3796 che
591 3726 732 3816 pinsite,
753 3724 845 3797 idest
870 3723 1033 3817 impellas
1058 3723 1224 3817 ulterius,
1244 3726 1272 3795 tt
1295 3727 1382 3815 viso,
1399 3725 1533 3799 scilicet
1559 3727 1615 3798 in-

445 3844 703 3937 tellectualem,
720 3864 766 3916 un
779 3863 871 3935 poco
886 3838 946 3934 piri
963 3849 1102 3933 avone,
1120 3842 1212 3916 idest
1228 3844 1496 3936 aliquantulum
1518 3844 1615 3917 ultra

442 3963 625 4056 hierium,
642 3956 672 4035 sl
696 3965 756 4034 cte
781 3964 944 4053 arcuato,
966 3961 1057 4035 idest
1082 3962 1131 4036 ita
1157 3963 1256 4057 quod
1279 3964 1373 4037 hene
1396 3962 1554 4059 attingas
1579 3971 1615 4038 et

443 4103 654 4179 cognoscas,
679 4103 746 4154 con
770 4086 820 4172 po·
844 4083 939 4155 oceli
964 4084 1000 4154 ta
1022 4086 1138 4176 socna
1163 4084 1201 4155 dt
1225 4087 1340 4175 quello
1363 4104 1476 4157 cozzo
1500 4087 1617 4177 scapt-

442 4206 555 4294 9tioto
576 4207 683 4296 sana.
711 4202 755 4275 Et
784 4201 867 4275 vide
896 4202 1082 4294 quomodo
1117 4203 1211 4277 hene
1240 4204 1409 4278 describit
1442 4204 1614 4279 Thaidam

445 4323 608 4418 proprie,
635 4323 721 4417 quia
747 4322 845 4396 enim
864 4327 945 4396 erat
970 4329 1043 4396 tam
1066 4324 1193 4418 pulcra
1219 4330 1256 4398 ct
1282 4324 1403 4398 fucata
1419 4313 1455 4416 (ὅ)
1476 4324 1513 4397 in
1531 4325 1615 4417 vita,

508 4507 535 4569 (¹)
552 4510 606 4567 llo,
623 4508 728 4559 nomine
746 4510 840 4560 Traxo.
1116 4506 1144 4570 (²)
1161 4508 1192 4558 n.
1209 4510 1333 4560 traheret.

508 4581 535 4645 t'l
551 4583 582 4633 B·
599 4584 710 4635 volebat.
1116 4586 1143 4648 d)
1160 4589 1214 4647 ns,
1234 4586 1325 4638 ntem
1341 4589 1367 4636 sn
1385 4586 1444 4638 riu.
