3720 5566
401 471 445 535 12
586 448 589 455 ’
795 475 1000 531 counnrcu
1024 477 1177 530 rxrnnnr

270 668 272 671 ·
397 625 549 739 tapbora
567 631 662 698 esset
679 621 799 696 aliena
815 641 839 696 a
854 622 1050 717 proposito,
1069 627 1112 694 ut
1128 640 1193 716 per
1213 640 1254 694 se
1270 616 1490 715 patet—Et
1504 624 1569 695 elli.

397 746 501 819 Nunc
526 750 636 818 autor
660 741 759 838 ponit
786 742 1059 835 responsionem
1086 741 1179 814 illius
1205 741 1378 837 Venetici,
1396 741 1461 836 qui
1485 742 1572 817 satis

397 886 497 962 aegre
521 885 562 939 se
586 862 817 955 manifestat,
845 861 942 936 unde
968 861 1072 936 dicit:
1091 867 1125 933 et
1138 865 1195 935 elli
1214 883 1238 935 a
1255 883 1321 953 me,
1346 862 1482 938 scilicet
1500 862 1571 938 Ve-

397 985 538 1060 neticus
563 982 653 1058 dixit
677 981 778 1075 mibi,
805 984 879 1054 mul
903 984 1082 1055 ooleotz'eri
1104 984 1132 1053 il
1155 984 1246 1072 dice,
1267 981 1354 1075 quia
1379 1003 1440 1056 res
1465 982 1569 1079 igno·

397 1103 550 1178 miniosa
576 1108 643 1196 est,
669 1121 729 1174 mu
754 1103 791 1173 lo
816 1108 875 1175 tuo
901 1103 1025 1174 chroro
1046 1104 1191 1195 sacello,
1209 1101 1295 1195 quia
1315 1102 1450 1176 scilicet
1469 1102 1571 1177 vide-

397 1226 446 1299 ris
471 1206 588 1317 virus,
606 1225 665 1295 cde
689 1225 739 1295 mi
753 1225 794 1315 so
816 1224 979 1294 soooenir
995 1225 1052 1295 del
1067 1225 1197 1295 mondo
1216 1225 1330 1295 cotim
1346 1214 1395 1315 (¹),
1414 1221 1506 1296 idest
1523 1222 1569 1297 de

397 1348 457 1422 illo
483 1346 580 1420 bono
605 1332 744 1418 mundo
768 1342 932 1436 antiquo,
959 1341 1105 1435 quando
1136 1342 1303 1417 homines
1333 1348 1439 1417 erant
1462 1363 1569 1417 ama·

397 1474 496 1541 tores
509 1456 546 1558 (²)
574 1462 735 1538 veritatis
761 1467 798 1536 et
824 1461 1010 1555 libertatis,
1029 1482 1113 1555 quae
1139 1461 1213 1537 duo
1239 1462 1334 1537 bona
1359 1468 1445 1537 sunt
1461 1461 1568 1537 bodie

397 1584 620 1661 odiosissima
648 1579 800 1675 mundo;
828 1582 933 1674 quasi
957 1580 1066 1656 dicat:
1086 1589 1127 1656 tu
1152 1582 1286 1657 videris
1303 1583 1392 1656 mibi
1409 1603 1507 1657 unus
1522 1582 1569 1656 de

397 1707 465 1782 illis
489 1704 593 1780 bonis
610 1700 773 1777 romanis
793 1700 951 1795 antiquis
968 1722 991 1775 a
1008 1721 1170 1795 quorum
1187 1692 1224 1793 (³)
1241 1702 1420 1799 sanguine
1437 1710 1477 1775 tu
1495 1701 1571 1776 ori·

396 1828 521 1925 ginem
545 1821 768 1916 contraxisti,
795 1820 844 1894 ita
870 1820 986 1895 libere
1009 1821 1172 1915 loqueris
1199 1822 1391 1898 veritatem
1406 1810 1453 1913 (⁴).
1479 1820 1570 1894 Dicit

397 1967 510 2044 ergo:
538 1947 586 2017 mi
608 1944 755 2036 ssoroie,
774 1940 908 2015 scilicet
930 1939 976 2014 ad
997 1940 1191 2016 dicendum
1210 1941 1245 2015 id
1262 1941 1361 2035 quod
1382 1939 1569 2016 honestius

397 2074 570 2141 tacerem.
596 2063 641 2136 Et
665 2062 746 2136 ideo
772 2061 894 2135 statim
918 2060 1088 2135 describit
1108 2082 1149 2136 se
1165 2082 1187 2135 a
1205 2064 1312 2155 culpa
1330 2082 1408 2156 sua,
1427 2062 1569 2136 dicens:

398 2192 439 2260 lo
463 2207 529 2259 son
553 2186 644 2257 colai
667 2184 727 2255 cde
751 2185 914 2255 conducet
938 2185 974 2254 lo
1007 2184 1149 2255 Gbisolo
1179 2182 1280 2273 bello,
1307 2181 1440 2256 scilicet
1466 2201 1569 2255 soro-

399 2328 479 2381 rem
505 2323 626 2378 meam
653 2301 801 2376 nomine
823 2301 1019 2395 Ghisolam,
1038 2296 1121 2395 quae
1141 2303 1343 2377 vocabatur
1359 2302 1486 2396 pulcra
1503 2320 1569 2397 per

398 2423 663 2516 excellentiam,
695 2421 823 2515 quales
854 2422 989 2494 multas
1020 2420 1092 2494 vidi
1124 2420 1289 2494 dominas
1322 2420 1493 2496 Bononiae
1524 2420 1571 2495 de

397 2547 508 2621 domo
535 2544 594 2618 illa
625 2541 843 2616 excedentes
877 2547 1030 2615 caeteras
1056 2541 1093 2614 in
1118 2541 1374 2637 pulcritudine,
1400 2547 1509 2637 asar
1533 2545 1571 2616 lo

397 2670 514 2758 ooplio
539 2667 596 2738 dcl
611 2650 802 2755 Morcbese,
823 2660 959 2736 scilicet
976 2661 1108 2736 Azouis
1125 2662 1181 2756 lll,
1203 2663 1424 2738 marchionis
1440 2665 1570 2738 Esten-

397 2786 454 2860 sis.
480 2785 526 2856 Et
550 2782 644 2876 vide,
666 2781 764 2876 quod
781 2781 867 2856 dicit
891 2781 1101 2875 simpliciter
1118 2784 1175 2854 del
1189 2776 1381 2876 Morcbese,
1400 2784 1487 2877 quia
1503 2805 1569 2881 per

397 2902 663 2994 excellentiam,
681 2900 828 2995 quando
845 2900 978 2975 dicitur
998 2902 1168 2996 llarcbio,
1190 2909 1227 2976 et
1253 2923 1326 2977 non
1351 2904 1570 2998 exprimitur

398 3041 546 3111 nomen,
563 3021 672 3096 debet
696 3020 845 3116 intelligi
870 3020 916 3094 de
942 3021 1154 3094 marchione
1175 3022 1325 3116 Estensi,
1345 3023 1485 3098 ratione
1504 3045 1571 3119 ge-

398 3141 603 3217 nerositatis
619 3146 656 3215 et
672 3139 896 3234 principatus
913 3139 1064 3233 antiqui.
1086 3141 1131 3213 llt
1156 3141 1223 3215 iste
1248 3141 1323 3214 Azo
1339 3140 1406 3213 luit
1424 3163 1570 3217 summe

397 3261 612 3359 magnificus
647 3266 685 3335 et
717 3260 964 3354 pulcerrimus
998 3280 1172 3356 corpore3
1204 3260 1286 3335 ideo
1319 3261 1414 3335 bene
1445 3261 1571 3336 debuit

397 3383 594 3457 convenire
623 3402 708 3455 cum
736 3381 958 3476 pulcerrima
983 3380 1029 3454 ad
1064 3381 1354 3478 extinguendum
1379 3382 1568 3458 flammam

397 3502 557 3578 ardentis
582 3499 719 3576 amoris
744 3501 811 3574 sui.
838 3501 883 3574 Et
908 3500 992 3575 dicit
1017 3501 1234 3593 veneticus:
1261 3521 1356 3574 come
1385 3505 1445 3576 clte
1468 3508 1572 3578 sueni

397 3625 434 3696 lo
449 3623 589 3694 scorteo
606 3623 752 3694 novello.
771 3619 1127 3715 Quomodocumque
1144 3621 1294 3696 bistoria
1311 3622 1378 3695 ista
1397 3643 1470 3697 non
1487 3624 1570 3718 pul-

397 3762 461 3815 cra
487 3745 678 3833 narretur;
696 3740 766 3814 boc
791 3760 859 3834 pro
877 3746 978 3814 tanto
994 3740 1090 3834 dicit,
1108 3740 1195 3834 quia
1212 3741 1355 3815 diversa
1374 3749 1455 3817 erat
1472 3743 1568 3817 lama

396 3859 507 3933 buius
531 3859 616 3934 iacti
642 3859 677 3932 in
703 3860 826 3956 vulgo.
853 3860 973 3954 Aliqui
1003 3860 1100 3934 enim
1132 3860 1256 3933 mitius
1286 3861 1489 3955 loquenteS,
1515 3862 1570 3936 di-

397 3980 542 4073 cebant,
575 3979 674 4075 quod
708 3981 775 4054 ista
808 3981 934 4076 pulcra
971 3981 1092 4055 iuerat
1127 3980 1277 4055 seducta
1312 3987 1349 4056 et
1382 3983 1570 4058 subtracta

458 4209 486 4271 (¹)
503 4215 556 4271 llo,
574 4211 666 4269 uedeo,
683 4210 735 4270 ubi,
752 4208 850 4259 scillcet
866 4221 915 4272 eqo
931 4209 982 4260 rixi
998 4213 1137 4274 antequam
1153 4210 1270 4260 venirem
1287 4210 1337 4269 hic,
1355 4212 1392 4260 mi
1406 4213 1509 4275 usuratu,
1520 4215 1572 4265 sci-

395 4288 457 4338 licet
472 4287 504 4337 ad
520 4287 658 4337 dicendum
674 4287 729 4347 tibi,
747 4287 788 4337 rel
805 4286 863 4336 diez
880 4287 907 4336 la
923 4293 969 4335 tua
985 4287 1075 4336 obiero
1090 4287 1195 4350 sacella,
1212 4286 1277 4337 idest
1288 4286 1370 4338 libera
1383 4292 1411 4339 el
1423 4291 1573 4352 apertecde

395 4378 436 4413 me
449 4364 480 4426 sa
494 4365 595 4413 conenit
609 4365 650 4413 del
665 4364 757 4414 mondo
772 4364 885 4428 antiquo,
904 4363 969 4413 idest
985 4362 1019 4412 de
1033 4363 1080 4414 illo
1097 4363 1173 4414 bono.

458 4437 485 4500 ι’)
501 4440 532 4489 Ε.
549 4445 678 4492 amatores
695 4441 798 4491 rlrtutis
813 4445 840 4491 et
856 4439 1030 4501 libertinum
1048 4454 1106 4503 quae
1123 4440 1198 4490 bona.

459 4514 485 4575 (Ἴ
502 4515 532 4564 Ε.
550 4529 564 4564 a
581 4530 694 4579 quorum
712 4518 835 4581 progenie
851 4517 1004 4580 sauguinem
1020 4517 1179 4567 contraxisti.

459 4589 486 4652 (¹)
502 4591 532 4641 Ε.
550 4592 664 4655 loqueris
680 4606 781 4655 rerum,
799 4594 857 4646 ideo
872 4593 948 4644 dicit:
965 4595 1003 4643 ml
1017 4595 1113 4657 sforza.
