3720 5566
630 511 766 568 esurus
792 512 949 569 nnuuus
973 513 1142 570 ocuuvus.
1431 507 1474 576 13

297 658 428 733 fraude
443 663 578 753 praeter
595 657 855 733 conscientiam
874 659 996 734 iratris
1012 661 1079 735 sui.
1099 662 1167 736 Alii
1187 684 1278 740 vero
1294 665 1474 760 dicebant,

299 779 398 872 quod
411 777 529 853 dictus
541 777 702 855 Marcbio
719 777 938 875 incognitus,
955 786 1098 855 mutato
1116 781 1254 879 babitu,
1272 784 1336 858 ivit
1353 784 1474 860 Bono-

298 899 409 993 niam,
436 905 474 973 et
499 897 638 972 intrans
662 898 815 972 domum
838 899 941 973 istius
957 900 1066 975 amici
1086 901 1155 995 sui,
1173 903 1417 981 manifestavit
1432 926 1473 981 se

298 1030 335 1096 et
358 1040 511 1093 causam
536 1018 594 1092 sui
618 1018 807 1093 adventus.
834 1019 878 1093 Et
903 1019 1098 1095 Venetieus
1124 1024 1292 1115 quamvis
1315 1032 1411 1100 esset
1426 1026 1473 1102 de

300 1138 580 1233 Camianimicis,
597 1139 748 1214 nescivit
766 1141 952 1234 expellere
973 1140 1083 1215 istum
1106 1141 1324 1219 familiarem
1351 1146 1472 1219 inimi-

299 1280 397 1333 cum.
423 1259 510 1333 Vult
535 1278 625 1354 ergo
650 1257 845 1334 Veneticus
870 1259 993 1335 dicere
1018 1281 1093 1336 uno
1124 1263 1259 1337 verbo:
1294 1264 1471 1360 quidquid
1585 1334 1588 1338 .

298 1379 452 1474 dicatur,
477 1399 548 1475 ego
576 1378 624 1454 de
656 1378 710 1453 rei
740 1378 896 1455 veritate
927 1380 979 1454 lui
1007 1383 1175 1458 conscius
1209 1385 1320 1459 buius
1351 1385 1405 1460 rei
1435 1392 1472 1460 et

297 1498 495 1594 culpabilis.
509 1503 604 1572 —E
625 1519 697 1572 nou
717 1520 790 1592 pur
813 1502 859 1572 io.
886 1500 992 1576 Nunc
1014 1502 1080 1577 iste
1097 1502 1292 1580 Venetieus
1309 1506 1410 1580 venit
1425 1506 1471 1580 ad

298 1618 495 1713 aliqualem
508 1613 545 1711 (¹)
567 1618 842 1695 excusationem
860 1620 934 1715 sui3
957 1621 1044 1715 quia
1064 1623 1171 1719 culpa
1191 1631 1229 1699 et
1248 1625 1396 1700 iniamia
1416 1626 1472 1699 vi-

298 1740 408 1813 detur
432 1737 563 1832 minor,
589 1738 736 1832 quando
762 1744 818 1812 est
843 1746 1020 1816 consueta
1049 1747 1086 1815 et
1115 1744 1339 1845 communis,
1360 1743 1470 1819 etiam

296 1859 333 1933 iu
364 1858 577 1934 enormibus
593 1848 629 1952 (²)
664 1857 888 1953 criminibus,
918 1859 1056 1934 nedum
1091 1860 1127 1934 in
1160 1861 1241 1956 levi,
1274 1865 1384 1957 quale
1415 1870 1471 1939 est

295 1978 514 2054 lenocinium
529 1969 581 2072 (⁸),
606 2001 625 2052 c
649 1999 722 2051 nou
743 1999 815 2071 pur
847 1981 883 2051 io
912 1979 1096 2071 bolopnese
1122 1984 1257 2074 piunpo
1282 1985 1354 2073 qui,
1380 1982 1471 2057 idest

296 2098 428 2195 punior
454 2098 491 2172 in
517 2099 584 2172 ista
610 2098 728 2195 prima
745 2099 871 2196 bulgia
895 2099 944 2173 ob
970 2099 1067 2174 istud
1083 2101 1225 2196 vitium,
1246 2105 1332 2174 unzi
1354 2110 1471 2194 questo

295 2223 408 2313 luoco,
435 2218 527 2293 idest
552 2217 619 2293 ista
645 2219 763 2314 prima
781 2219 884 2293 vallis
904 2219 1023 2294 maior
1048 2226 1085 2295 et
1110 2221 1277 2316 capacior
1302 2223 1466 2297 caeteris:

295 2336 363 2415 u’d
385 2346 481 2413 tanto
503 2342 607 2432 pleno
635 2342 696 2413 ebe
727 2348 820 2413 toute
849 2344 964 2432 linque
997 2361 1068 2414 nou
1095 2362 1183 2414 sono
1212 2362 1281 2415 ora
1306 2364 1467 2436 opprese,

295 2460 396 2553 idest,
422 2481 521 2534 nune
550 2470 644 2555 aptae
672 2466 710 2535 et
740 2460 931 2555 dispositae,
956 2482 982 2533 α
1012 2463 1110 2534 deber
1131 2464 1210 2554 sipo
1241 2469 1300 2535 tro
1329 2467 1468 2536 Sauene

294 2585 356 2656 e’l
391 2587 507 2672 Reno,
541 2581 644 2675 quasi
679 2581 792 2676 dicat,
826 2581 913 2675 quia
949 2581 1073 2675 plures
1106 2588 1193 2665 sunt
1225 2582 1467 2656 bononienses

293 2704 350 2779 bic
380 2703 496 2799 puniti
516 2690 554 2795 (⁴)
584 2701 645 2776 tali
680 2701 777 2796 vitio,
812 2722 923 2796 quam
958 2722 1086 2777 omnes
1120 2701 1372 2795 bononienses,
1403 2702 1466 2796 qui

293 2844 391 2899 nune
415 2823 545 2897 vivunt
568 2820 751 2897 Bononiae.
779 2822 823 2895 Et
847 2821 906 2895 bic
932 2829 1028 2915 nota,
1051 2821 1150 2915 quod
1169 2820 1281 2915 aliqui
1301 2822 1465 2897 volentes

293 2945 458 3020 eolorare
482 2943 632 3038 lactum,
658 2943 794 3036 dicunt,
821 2943 919 3036 quod
943 2942 1053 3017 debet
1078 2941 1238 3038 intelligi,
1265 2943 1365 3037 quod
1391 2962 1464 3018 non

292 3071 377 3139 sunt
393 3065 517 3161 plures
540 3062 781 3148 bononienses
807 3062 967 3137 dicentes
983 3061 1174 3137 actualiter
1196 3061 1293 3136 istud
1311 3063 1466 3159 vulgare

290 3188 390 3279 ³in
416 3191 453 3259 et
485 3194 573 3260 tunc
598 3191 693 3258 esset
718 3204 858 3277 seusuS,
883 3183 982 3276 quod
1006 3187 1127 3257 essent
1152 3181 1257 3257 valde
1282 3183 1388 3278 pauci
1414 3183 1467 3258 le·

291 3326 406 3381 nones
429 3304 612 3397 Bononiae,
639 3304 726 3398 quia
755 3303 863 3400 pauci
891 3310 988 3397 suut,
1013 3302 1078 3397 qui
1097 3295 1135 3396 (ὓ)
1159 3302 1281 3377 dicant
1305 3323 1404 3378 nunc
1428 3302 1466 3376 in

292 3446 368 3501 uno
392 3425 537 3499 instanti
562 3424 659 3499 istud
683 3425 907 3499 vocabulum
923 3428 934 3515 l
949 3425 972 3514 l.
991 3422 1064 3498 Sed
1084 3423 1151 3497 ista
1171 3443 1244 3496 non
1266 3429 1321 3497 est
1346 3423 1466 3497 inten-

293 3546 342 3620 tio
375 3544 536 3639 autoris,
571 3543 647 3618 imo
676 3543 773 3618 istud
787 3531 824 3636 (⁷)
856 3541 1087 3639 participium
1118 3564 1265 3636 upprese
1296 3541 1381 3616 dicit
1406 3541 1464 3616 bic

290 3664 541 3764 aptitudinem,
568 3671 605 3740 et
631 3685 704 3739 non
728 3670 856 3760 aptum
871 3654 922 3758 (⁸),
953 3664 1002 3737 ita
1032 3663 1131 3758 quod
1160 3668 1269 3737 autor
1300 3663 1380 3737 vult
1409 3661 1464 3735 di-

290 3808 388 3881 cere,
423 3787 521 3882 quod
554 3792 608 3861 tot
638 3786 774 3881 linguae
807 3805 880 3859 uon
912 3793 997 3861 sunt
1030 3803 1205 3878 accensae,
1240 3782 1333 3858 idest
1368 3793 1463 3878 aptae

290 3918 386 3985 uatae
409 3907 456 3981 ad
480 3906 674 3981 dicendum
698 3909 786 3997 stpu.
815 3905 858 3982 Et
882 3904 932 3978 ita
958 3903 1122 4001 intelligit
1136 3894 1173 3996 (⁰)
1200 3902 1246 3977 de
1270 3901 1462 3995 omnibus3

291 4028 377 4121 quia
393 4038 432 4105 et
447 4027 583 4124 linguae
609 4026 789 4100 inlautum
815 4024 1031 4099 naturaliter
1049 4030 1086 4099 et
1111 4012 1354 4120 potentialiter
1380 4027 1466 4095 sunt

350 4268 378 4332 (¹)
394 4271 425 4321 Β.
441 4271 474 4321 ud
490 4271 613 4336 aliquem.

348 4344 377 4408 (¹)
394 4347 423 4398 ll.
439 4348 598 4407 enormibus,
614 4352 642 4398 et
656 4348 683 4398 in
699 4346 820 4398 omnibus
835 4346 994 4397 criminibus.

348 4422 378 4485 (¹)
395 4428 449 4488 lle,
467 4424 632 4477 lenocinium.
649 4423 717 4476 llicit
733 4436 815 4488 erqo:
831 4437 845 4473 e
860 4436 913 4472 uon
925 4434 987 4486 pur.

349 4498 377 4561 (Ἰ
391 4499 417 4551 S·
433 4501 477 4564 qul
494 4501 645 4563 puniuntur.
1017 4496 1044 4559 (⁸)
1062 4499 1116 4553 llo,
1134 4492 1180 4558 qui
1195 4491 1292 4542 dlcnul.

348 4574 378 4636 (⁸)
394 4575 425 4626 E.
440 4576 597 4627 vocabulum
612 4578 678 4643 ttpu.
694 4577 745 4628 Sed
761 4582 810 4628 eut.
1017 4571 1085 4637 slis„
1103 4569 1176 4621 illud.

351 4651 419 4715 l'lS·
435 4657 532 4704 mrum.
1017 4649 1045 4716 ρ)
1063 4656 1117 4712 uo,
1134 4645 1259 4710 mutuus
