3720 5566
407 480 428 544 6
805 486 1009 543 conburunt
1034 489 1187 541 rursum

406 636 466 707 olto
491 637 527 707 lo
549 636 669 726 pomo
694 634 811 725 boleto
835 654 899 707 era
924 635 1063 726 moleto,
1082 634 1169 728 quia
1190 631 1352 707 maxima
1377 638 1432 707 est
1458 632 1583 705 multi·

407 754 496 829 tudo
527 754 704 828 lenonum
734 753 863 829 talium
895 753 1034 846 ubique
1066 759 1264 847 terrarum,
1301 774 1320 824 e
1352 755 1378 825 li
1403 756 1585 844 peccatori

405 898 518 950 mono
542 877 675 967 incudi,
693 873 784 948 idest
809 872 908 967 nudi,
926 877 985 946 nel
1004 876 1127 967 fondo,
1146 873 1238 948 idest
1263 873 1301 946 in
1325 873 1474 968 planitie
1493 893 1583 947 con-

406 1016 497 1070 cava
534 995 644 1068 huius
682 993 811 1089 primae
847 993 982 1089 bulgiae
998 986 1035 1084 (¹)
1073 1014 1204 1068 versus
1242 1013 1327 1087 nos;
1359 992 1441 1068 ideo
1479 992 1581 1067 dicit:

407 1136 509 1188 verso
522 1118 548 1188 ’l
571 1116 685 1207 volto;
711 1118 747 1188 et
772 1113 829 1187 isti
855 1118 960 1187 erant
985 1114 1146 1209 lenones,
1165 1136 1184 1187 c
1200 1117 1238 1187 dt
1254 1104 1303 1205 Id,
1322 1114 1413 1188 idest
1435 1115 1531 1189 ultra
1545 1105 1582 1206 (²)

407 1237 570 1312 medium
598 1233 732 1330 bulgiae
749 1235 860 1329 ibant,
878 1254 945 1306 coo
961 1236 1034 1326 ool,
1053 1235 1140 1329 quia
1157 1234 1293 1310 scilicet
1310 1236 1483 1309 tenebant
1501 1255 1584 1330 spa-

408 1357 504 1431 tulas
528 1375 653 1430 versas
678 1353 793 1447 nobis,
811 1353 860 1427 ita
887 1353 986 1446 quod
1011 1353 1113 1428 ibant
1137 1354 1232 1428 sicut
1249 1374 1327 1447 nos,
1345 1359 1381 1429 et
1402 1353 1460 1427 isti
1478 1359 1583 1428 erant

407 1475 621 1571 deceptores
646 1474 846 1548 mulierum
872 1494 939 1569 pro
964 1494 1015 1567 se,
1034 1479 1072 1548 et
1088 1474 1190 1548 dicit:
1209 1496 1268 1548 mo
1286 1477 1465 1566 conpesci
1481 1495 1584 1565 maq-

407 1598 514 1687 mbri,
541 1594 645 1688 quasi
670 1593 765 1668 dicat
779 1584 841 1685 (³):
868 1593 967 1667 ibant
991 1593 1153 1668 velocius
1179 1614 1293 1688 quam
1314 1614 1392 1688 nos,
1412 1594 1498 1687 quia
1518 1614 1585 1668 nos

408 1715 553 1789 ibamus
578 1716 676 1788 lente
701 1734 767 1809 per
792 1722 941 1807 pontem
971 1712 1050 1786 sine
1079 1732 1189 1808 poena
1217 1718 1388 1809 urgente3
1420 1712 1469 1787 illi
1494 1734 1584 1788 vero

408 1835 607 1910 currebant
631 1833 844 1908 festinanter
879 1851 944 1928 per
974 1832 1108 1906 vallem
1142 1833 1290 1928 impulsi
1305 1822 1341 1926 (⁵)
1371 1832 1585 1908 verberibus

408 1955 687 2029 demoniorum.
702 1994 752 2006 -
765 1958 877 2025 Come.
905 1951 970 2026 llic
994 1958 1103 2026 autor
1121 1953 1276 2047 explicat
1294 1952 1447 2027 modum
1473 1953 1584 2028 eundi

409 2075 556 2149 obviam
581 2094 647 2170 per
673 2094 787 2147 unam
813 2072 972 2147 nobilem
991 2073 1315 2167 comparationem.
1335 2072 1388 2147 Ad
1405 2073 1510 2147 cuius
1528 2074 1585 2147 in-

412 2194 647 2292 telligentiam
665 2194 804 2267 claram
823 2198 877 2267 est
894 2192 1055 2269 breviter
1073 2192 1263 2267 sciendum
1280 2192 1378 2287 quod
1398 2193 1435 2267 in
1454 2192 1584 2287 MCCC,

411 2310 449 2389 in
485 2335 559 2409 quo
597 2334 693 2388 anno
732 2318 841 2388 autor
875 2312 1023 2407 incoepit
1065 2312 1160 2387 istud
1202 2313 1323 2386 nobile
1356 2333 1459 2408 opus,
1494 2334 1587 2407 papa

410 2434 615 2510 Bonilacius
640 2433 727 2526 Vlll,
760 2437 848 2505 tunc
887 2431 1015 2505 sedens
1058 2432 1096 2504 in
1129 2431 1215 2506 sede
1245 2432 1355 2526 Petri,
1390 2432 1487 2507 dedit
1521 2453 1587 2528 ge-

410 2557 576 2631 neralem
609 2551 871 2649 indulgentiam
902 2557 1138 2646 peccatorum
1172 2551 1209 2624 in
1238 2553 1344 2646 urbe,
1379 2554 1425 2627 ad
1462 2574 1586 2646 quam,

411 2677 506 2752 sicut
530 2674 687 2751 vidimus
708 2672 745 2744 in
765 2670 922 2765 necet,
940 2671 1105 2745 cucurrit
1130 2671 1293 2746 maxima
1318 2670 1513 2745 multitudo
1539 2692 1585 2746 ex

410 2794 583 2869 omnibus
608 2791 819 2887 regionibus
851 2795 889 2864 et
915 2790 1124 2864 nationibus
1149 2790 1400 2865 obedientibus
1426 2791 1587 2866 ecclesiae

410 2934 585 2991 romanae.
614 2911 717 2987 Unde
747 2917 896 3007 propter
926 2909 1077 2984 nimiam
1111 2932 1324 3005 pressuram
1355 2913 1521 3008 gentium
1551 2911 1587 2985 in

410 3035 565 3110 transitu
591 3032 709 3128 pontis
734 3053 845 3125 supra
871 3031 1040 3125 Tiberim,
1062 3051 1110 3104 ne
1134 3031 1247 3124 aliqui
1273 3054 1296 3106 a
1321 3033 1496 3107 lateribus
1525 3053 1588 3106 ca-

409 3156 540 3230 derent
568 3154 605 3227 in
634 3173 733 3247 aqua
747 3144 783 3244 (⁵)
819 3157 856 3225 et
889 3150 1170 3245 suffocarentur,
1197 3152 1367 3226 inventus
1401 3159 1456 3226 est
1489 3152 1586 3226 utilis

409 3275 553 3367 moduS,
584 3273 719 3347 scilicet
753 3277 796 3344 ut
829 3269 1012 3366 peregrini
1043 3276 1184 3365 euntes,
1211 3270 1373 3345 lacerent
1397 3270 1443 3345 de
1477 3279 1588 3366 ponte

408 3419 474 3494 per
509 3397 661 3490 longum
694 3391 786 3465 duas
817 3396 952 3485 parteS,
983 3390 1032 3463 ita
1067 3390 1178 3485 quod,
1214 3391 1277 3484 qui
1311 3390 1411 3464 ibant
1446 3391 1491 3465 ad
1526 3411 1588 3465 ec-

409 3517 558 3592 clesiam
592 3511 706 3588 sancti
741 3510 838 3584 Petri
871 3530 938 3604 per
972 3530 1085 3583 unam
1122 3509 1355 3584 medietatem
1381 3511 1501 3604 pontis
1526 3531 1588 3585 re-

409 3636 607 3732 spiciebant
645 3652 774 3706 versus
808 3630 998 3704 castellum
1036 3630 1150 3703 sancti
1184 3629 1322 3725 Angeli‚
1361 3638 1398 3705 et
1430 3631 1491 3725 illi,
1524 3630 1587 3725 qui

410 3756 577 3832 redibant
601 3754 648 3827 ab
674 3751 897 3846 indulgentia
922 3750 1024 3824 ibant
1048 3771 1115 3844 per
1140 3749 1247 3824 aliam
1275 3750 1509 3825 medietatem
1527 3771 1587 3825 re-

409 3877 600 3973 spicientes
627 3894 755 3949 versus
780 3877 954 3945 montem.
991 3871 1043 3945 lta
1064 3861 1100 3961 (⁶)
1137 3891 1159 3944 a
1190 3870 1295 3943 simili
1329 3871 1365 3944 in
1402 3871 1587 3966 proposito

408 3997 522 4092 aliqui
548 3996 702 4069 istorum
730 3993 987 4088 fustigatorum
1003 3979 1040 4083 (⁷)
1078 3989 1178 4064 ibant
1212 3991 1258 4065 ad
1291 3991 1473 4065 sinistram
1501 4012 1588 4066 ver-

475 4232 574 4295 (·)116,
592 4232 695 4296 bulgiae,
718 4231 742 4281 et
762 4230 857 4280 sonmo
877 4228 922 4279 dol
942 4228 1022 4291 ηιορίο
1042 4229 1072 4277 in
1091 4240 1151 4293 qua,
1169 4228 1234 4279 idest
1249 4241 1265 4278 n
1281 4227 1367 4278 medio
1384 4228 1476 4291 pnmae
1493 4228 1587 4292 bulgiae

410 4322 501 4361 versus
517 4323 573 4359 uos.
590 4309 652 4359 ideo
669 4308 740 4357 dicit.

474 4386 501 4449 (’)
517 4385 543 4436 S.
560 4385 632 4436 ultra
648 4384 784 4434 dimidium
802 4382 906 4446 bulgio.
1027 4379 1054 4444 (⁸)
1071 4381 1101 4431 Ε.
1117 4382 1191 4446 quasi
1207 4382 1291 4432 dicat:
1307 4383 1368 4446 qula
1383 4395 1432 4432 uos
1448 4381 1556 4430 ibamus.

473 4461 500 4525 (⁸)
517 4461 547 4511 E.
565 4461 670 4524 impulsi
686 4460 758 4511 duris
775 4458 908 4509 laboribus
923 4462 950 4508 et
966 4457 1126 4509 verberibus.
1136 4483 1166 4495 -
1176 4458 1201 4509 S.
1218 4458 1323 4521 impulsi
1340 4458 1413 4507 duris
1429 4455 1588 4507 verberibus.

474 4539 502 4601 (¹)
519 4537 553 4597 S„
571 4540 617 4587 116
633 4551 648 4587 e
665 4536 695 4586 E.
712 4538 738 4586 in
754 4548 856 4600 aquam
1024 4532 1051 4593 (“)
1068 4537 1122 4594 llo,
1139 4534 1179 4583 lla
1195 4534 1265 4598 quod
1282 4548 1297 4583 a
1313 4533 1400 4583 simili.

474 4614 500 4677 (ἲ)
518 4613 549 4662 Ε.
566 4612 743 4677 fatigatorum.
