3720 5566
444 521 489 587 36
835 527 1038 581 connnrmr
1063 527 1214 579 rur-“enm

442 677 497 749 sit.
524 674 577 749 Ad
602 674 747 748 literam
774 692 876 768 ergo,
902 670 987 745 dicit
1011 678 1137 745 autor:
1164 674 1249 744 lun
1272 671 1311 743 di
1339 671 1454 762 quelli,
1478 668 1617 745 scilicet

441 795 677 888 foraminum,
695 794 843 885 rupp'io
866 813 932 884 per
957 812 1005 865 un
1030 793 1090 863 cle
1113 792 1146 864 o'
1159 811 1346 882 andegava
1363 792 1501 879 deado,
1518 787 1613 862 sicut

440 921 540 1010 patet
564 935 610 988 ex
636 911 747 986 dictis.
774 911 819 984 Et
847 910 945 985 addit
970 916 1099 984 autor:
1126 931 1145 982 e
1168 916 1286 1004 questo
1308 912 1360 1002 fio
1384 910 1494 1000 supet,
1520 906 1614 981 idest

440 1034 579 1130 signale
616 1038 653 1106 et
689 1030 876 1123 indicium,
907 1032 1053 1121 cb’opnt
1086 1050 1189 1102 nomo
1221 1032 1363 1121 spanni,
1397 1027 1488 1101 idest
1513 1025 1613 1118 quod

441 1152 614 1227 certioret
637 1170 767 1225 omnes
792 1149 870 1223 sine
894 1149 1017 1242 aliqua
1043 1149 1267 1244 deceptione,
1294 1147 1391 1241 quod
1423 1146 1491 1220 iste
1523 1143 1614 1239 lapis

440 1270 578 1345 lractus
603 1270 670 1344 luit
694 1291 717 1343 a
742 1289 803 1343 me
828 1268 925 1343 bono
950 1269 1073 1343 animo
1099 1275 1137 1343 et
1162 1271 1317 1343 honesta
1335 1267 1382 1341 de
1401 1286 1524 1359 causa,
1542 1264 1613 1338 sci-

442 1393 526 1467 licet
550 1411 618 1486 pro
643 1389 859 1463 liberatione
884 1389 1011 1483 pueri;
1038 1388 1136 1483 quod
1156 1410 1224 1485 pro
1250 1394 1351 1461 tanto
1376 1385 1460 1460 dicit
1484 1405 1532 1459 ue
1556 1383 1614 1459 vi-

428 1510 593 1593 deretur
617 1508 771 1584 violasse
796 1528 875 1582 rem
902 1528 1045 1582 sacram
1071 1515 1109 1582 et
1138 1508 1189 1582 sic
1217 1506 1443 1582 commisisse
1471 1504 1611 1579 crimen

441 1627 629 1724 sacrilegii.
647 1628 692 1701 Et
703 1627 762 1700 bic
773 1633 860 1701 nota
877 1627 975 1721 quod
992 1627 1218 1722 comparatio
1235 1633 1289 1701 est
1306 1625 1453 1722 propria
1470 1623 1613 1697 ratione

440 1750 510 1824 loci
528 1754 565 1823 et
581 1748 704 1822 locati:
732 1748 873 1822 ratione
890 1748 971 1839 loci,
989 1748 1076 1840 quia
1094 1747 1129 1820 in
1149 1746 1216 1820 ista
1234 1746 1387 1821 ecclesia
1405 1742 1609 1838 baptismali

440 1876 526 1945 sunt
553 1867 733 1943 foramina
764 1886 975 1942 marmorea
1004 1866 1133 1940 similia
1149 1859 1186 1958 (⁴)
1219 1866 1288 1940 illis
1321 1887 1405 1959 quae
1439 1869 1545 1938 erant
1574 1862 1611 1934 in

442 1995 546 2086 petra
571 1988 665 2062 dura
690 1986 798 2061 livida
823 1987 1025 2082 perforata:
1052 1986 1194 2060 ratione
1210 1985 1330 2079 locati,
1351 1984 1438 2078 quia
1463 1982 1558 2058 sicut
1573 1982 1612 2054 in

440 2109 542 2185 dictis
567 2107 805 2181 foraminibus
823 2113 919 2180 stant
936 2106 1143 2180 sacerdotes
1160 2106 1407 2179 ministrantes
1423 2123 1539 2196 sacra,
1561 2102 1610 2175 ita

442 2227 478 2300 in
503 2226 578 2300 istis
602 2231 698 2300 stant
723 2225 942 2319 sacerdotes,
960 2226 1024 2318 qui
1045 2225 1290 2299 ministrantes
1310 2243 1416 2298 sacra
1438 2220 1613 2297 vendide-

442 2352 529 2419 runt
553 2364 608 2419 ea.
636 2345 866 2439 Comparatio
892 2354 948 2421 est
971 2344 1127 2440 diversa,
1154 2345 1239 2438 quia
1271 2344 1320 2417 illi
1351 2343 1494 2416 stabant
1524 2362 1612 2415 cum

439 2464 591 2560 pedibus
616 2464 652 2537 in
679 2465 927 2559 foraminibus,
953 2465 1010 2538 isti
1036 2486 1229 2539 varocum
1247 2464 1435 2559 capitibus.
1451 2468 1611 2536 -llror

440 2586 483 2657 dc
508 2586 545 2656 lo
568 2584 683 2657 bocca.
703 2584 768 2657 llic
793 2590 902 2657 autor
919 2583 1089 2657 describit
1106 2583 1258 2658 modum
1275 2582 1504 2678 plantationis
1521 2582 1611 2655 isto·

441 2725 525 2776 rum
543 2703 787 2796 sacerdotum,
805 2702 948 2776 dicens:
967 2705 992 2775 li
1005 2706 1115 2795 pt'edt,
1139 2724 1158 2775 e
1183 2705 1226 2776 de
1250 2707 1280 2776 le
1305 2704 1430 2794 pambe
1445 2704 1554 2794 influo
1571 2704 1611 2774 ul

439 2841 579 2912 grosso,
596 2820 687 2895 idest
704 2843 789 2916 pars
805 2821 972 2895 crurium
991 2822 1172 2915 usquead
1189 2824 1352 2917 pulpam,
1368 2823 1612 2914 sopercbmva,

439 2940 531 3014 idest
555 2941 796 3034 superstabat,
811 2945 897 3035 soor
913 2944 956 3014 de
974 2945 1010 3014 lu
1027 2944 1132 3015 bocca
1151 2965 1174 3014 a
1199 2946 1374 3033 duscuno,
1392 2942 1484 3017 idest
1505 2948 1610 3015 extra

439 3058 619 3133 orificium
645 3058 740 3132 illius
764 3059 953 3133 foraminis
982 3081 1094 3156 supra
1124 3067 1274 3156 terram,
1304 3084 1322 3133 e
1352 3063 1494 3152 tutuo,
1519 3061 1612 3135 idest

441 3185 559 3252 totum
586 3178 786 3272 residuum,
803 3187 905 3252 stava
929 3182 1068 3272 deutrm
1084 3181 1218 3256 scilicet
1242 3181 1493 3256 absconditum
1515 3181 1610 3254 intra

440 3300 635 3392 toreama
660 3302 691 3371 lc
713 3302 834 3391 pionte
862 3301 1034 3373 iatrombe
1063 3322 1175 3375 mano
1204 3323 1321 3375 occasa
1349 3324 1374 3374 a
1403 3305 1488 3392 tutti,
1517 3300 1614 3375 idest

439 3416 609 3491 omnibus
639 3416 844 3491 simoniacis
868 3419 918 3492 ita
944 3418 1122 3513 plantatis,
1140 3417 1272 3512 percite*
1301 3423 1333 3494 le
1364 3423 1492 3511 mune,
1519 3420 1613 3494 idest
1660 3422 1662 3426 ’

435 3537 631 3632 juncturae,
647 3540 853 3628 yuuciooun
878 3531 907 3611 si
928 3543 1035 3633 sorte,
1056 3539 1147 3614 idest
1169 3540 1218 3615 ita
1240 3540 1532 3637 exagitabantur,
1550 3541 1610 3613 obe

438 3658 568 3729 corma
592 3663 753 3749 rpezzote
777 3660 912 3748 morte,
938 3658 1030 3732 idest
1056 3665 1206 3752 torques
1231 3659 1309 3733 sive
1333 3659 1456 3733 vincos
1480 3662 1610 3752 tortos,

439 3774 572 3869 quibus
601 3776 762 3872 ligantur
790 3798 924 3851 currus
950 3778 1146 3874 lignorum,
1172 3800 1191 3851 e
1222 3780 1387 3871 strombo,
1413 3799 1497 3874 quae
1523 3785 1612 3851 sunt

438 3894 607 3988 quaedam
646 3896 767 3970 eordae
800 3897 903 3971 lactae
935 3918 982 3972 ex
1013 3898 1125 3972 vincis
1140 3889 1177 3991 (¹)
1209 3905 1246 3973 et
1276 3899 1425 3993 tricatae,
1452 3918 1498 3973 ex
1524 3900 1610 3993 qui-

436 4014 507 4089 bus
524 4014 685 4111 ligantur
702 4016 808 4090 ballae
825 4018 1026 4091 curaminis
1042 4018 1079 4090 in
1096 4018 1282 4093 Barbaria.
1302 4019 1492 4094 Ducebant
1509 4018 1607 4093 enim

436 4136 625 4211 simoniaci
650 4136 698 4210 ita
724 4157 835 4210 crura
864 4145 1013 4233 propter
1043 4139 1214 4213 ardorem
1242 4139 1489 4234 flammarum,
1515 4139 1611 4213 sicut

437 4257 586 4332 violenti
611 4279 722 4353 supra
746 4256 930 4331 ducebant
954 4258 1103 4334 brachia
1129 4267 1255 4333 contra
1282 4260 1449 4334 llammas
1474 4259 1610 4333 arden-

439 4383 502 4451 tes.
529 4378 573 4451 Et
598 4377 753 4472 explicat
776 4396 929 4452 cursum
955 4377 1102 4453 illarum
1128 4377 1365 4453 flammarum
1395 4399 1460 4473 per
1492 4399 1609 4454 unam

501 4614 575 4675 (¹113.
592 4617 730 4669 simillima.
1092 4618 1120 4683 (¹)
1136 4622 1162 4672 S.
1173 4622 1266 4685 juncis.
