3720 5566
604 532 741 587 caurus
766 532 922 589 uncinus
947 534 1076 588 nouus.
1374 522 1419 588 35

244 685 345 753 stare
369 658 577 751 sacerdotes
602 697 690 751 cum
715 677 886 751 cruribus
915 678 960 752 ad
986 678 1243 774 baptizandum
1270 700 1418 775 pueros,

247 806 290 873 ut
313 797 451 892 possint
479 797 630 871 liberius
659 802 696 871 et
721 796 875 871 habilius
905 817 1082 873 exercere
1112 799 1275 874 officium
1306 820 1417 874 suum

246 922 414 1011 tempore
429 936 623 1011 pressurae,
642 916 789 1009 quando
803 908 839 1008 (¹)
859 923 1003 1012 oportet
1025 917 1133 990 simul
1152 924 1188 992 et
1205 921 1318 993 semel
1335 921 1419 1015 plu-

248 1056 307 1109 res
331 1035 519 1130 baptizari,
546 1035 720 1129 quoniam
745 1041 821 1111 tota
847 1036 1029 1111 Florentia
1050 1043 1125 1110 tam
1143 1039 1319 1132 populosa
1345 1059 1419 1112 non

248 1155 356 1229 habet
381 1156 448 1229 nisi
481 1176 597 1228 unum
625 1155 850 1251 Baptismum
865 1147 901 1249 (²)
933 1162 1090 1250 tantum,
1117 1157 1211 1231 sicut
1230 1148 1267 1250 (³)
1298 1159 1420 1232 Bono·

249 1274 310 1350 nia
334 1282 400 1349 etc.
428 1276 533 1350 Nunc
558 1276 604 1350 ad
629 1277 772 1355 literam
798 1276 882 1350 dicit
901 1282 1029 1350 autor:
1051 1276 1111 1350 illa
1137 1277 1419 1372 foraminatos

249 1398 297 1467 oti
316 1416 456 1487 parcan
472 1416 551 1468 osea
568 1398 677 1488 aropli
691 1392 737 1469 of
751 1398 917 1488 mapthrl,
935 1395 1040 1489 quasi
1056 1396 1150 1471 dicat
1164 1386 1219 1489 (ῆι
1242 1397 1278 1470 in
1299 1404 1417 1472 totum

247 1514 390 1608 similia,
410 1518 470 1587 cte
494 1518 571 1611 quel
594 1518 654 1587 cte
677 1536 742 1588 soa
766 1518 825 1588 ael
847 1518 916 1588 mio
942 1517 997 1587 bel
1018 1537 1085 1588 sao
1114 1520 1298 1610 θὶουαηηὶ,
1319 1518 1417 1615 quia,

250 1640 293 1706 ut
323 1633 448 1707 dicunt
475 1635 666 1728 florentini,
696 1634 792 1708 istud
829 1634 897 1707 fuit
929 1636 1106 1730 templum
1140 1637 1286 1726 Martis;
1321 1639 1419 1713 unde

248 1775 324 1828 non
354 1753 498 1828 videtur
527 1754 664 1829 habere
697 1754 853 1829 formam
889 1755 1051 1829 ecclesa
1084 1755 1299 1851 christianae,
1331 1759 1417 1852 quia

245 1880 302 1948 est
337 1873 548 1969 rotundum,
578 1875 806 1970 angulatum,
841 1874 979 1949 habens
1012 1886 1094 1952 octo
1125 1875 1234 1949 facies
1263 1878 1419 1972 angula-

247 2013 326 2087 res3
352 1993 474 2073 nescio
500 1999 624 2067 tamen
642 1994 819 2067 sirenum
839 1994 894 2087 sit,
913 1995 999 2087 quia
1017 1994 1132 2068 simile
1159 1996 1336 2090 templum
1364 2002 1419 2070 est

249 2111 286 2185 in
305 2111 449 2186 civitate
466 2112 609 2187 Parmae
635 2112 672 2184 in
697 2112 934 2206 Lumbardia3
961 2119 998 2186 et
1022 2113 1125 2187 dicit:
1149 2116 1231 2207 fatti
1250 2136 1317 2207 per
1342 2119 1418 2188 loco

246 2235 300 2305 de
322 2233 564 2323 budezzotott,
586 2230 689 2305 *idest
718 2232 950 2306 sacerdotum
985 2231 1244 2328 baptizantium
1280 2234 1339 2308 ibi.
1374 2235 1419 2308 Et

246 2357 356 2426 autor
385 2351 587 2425 incidenter
618 2362 887 2428 commemorat
920 2373 1037 2425 unum
1072 2373 1199 2428 casum
1234 2355 1319 2427 satis
1354 2374 1419 2449 pe-

246 2473 450 2568 regrinum,
468 2472 530 2565 qui
556 2480 759 2546 emerserat
767 2464 803 2565 (⁵)
823 2493 941 2567 pauco
967 2479 1134 2568 tempore
1151 2481 1237 2548 ante
1262 2475 1299 2548 in
1321 2475 1417 2550 dicto

246 2593 338 2667 loco.
373 2592 443 2679 Qui
476 2612 582 2666 casus
620 2592 685 2665 fuit
716 2592 819 2665 talis:
855 2613 940 2665 cum
980 2593 1017 2665 in
1055 2593 1208 2667 ecclesia
1246 2594 1418 2688 praedicta

247 2711 343 2785 circa
373 2711 598 2805 Baptismum
633 2710 860 2785 colluderent
892 2711 1041 2804 quidam
1070 2711 1187 2807 pueri,
1214 2721 1256 2787 ut
1289 2717 1344 2786 est
1373 2711 1419 2786 de

247 2852 364 2925 more,
385 2852 483 2904 unus
509 2851 640 2905 eorum
661 2830 832 2905 furiosior
851 2831 928 2905 aliis
947 2831 1093 2905 intravit
1120 2853 1235 2904 unum
1263 2832 1416 2905 istorum

247 2949 481 3043 foraminum,
503 2955 540 3023 et
565 2949 613 3025 ita
640 2958 677 3024 et
702 2949 822 3024 taliter
847 2949 1043 3045 implicavit
1069 2956 1106 3025 et
1126 2950 1277 3024 involvit
1298 2971 1419 3024 mem-

244 3069 313 3143 bra
339 3091 418 3164 sua,
444 3069 542 3163 quod
568 3069 668 3142 nulla
688 3074 780 3163 arte,
799 3069 900 3142 nullo
921 3062 1066 3164 ingenio
1087 3075 1231 3164 poterat
1256 3070 1418 3144 indere-

247 3189 341 3262 trahi
356 3179 406 3281 (⁶).
433 3187 681 3263 Clamantibus
707 3207 796 3283 ergo
822 3187 958 3282 pueris,
976 3187 1037 3280 qui
1063 3188 1166 3260 illum
1189 3190 1324 3284 juvare
1345 3209 1418 3262 non

246 3313 427 3403 poterant,
459 3307 575 3381 factus
605 3311 660 3380 est
688 3306 726 3378 in
755 3327 869 3401 parva
899 3308 991 3380 hora
1024 3326 1183 3402 magnus
1216 3327 1420 3381 concursus

247 3426 392 3521 populi3
418 3433 455 3500 et
478 3426 639 3501 breviter
664 3426 766 3499 nullo
791 3424 927 3499 sciente
952 3431 1018 3499 aut
1035 3431 1183 3519 potente
1200 3443 1420 3501 succurrere

246 3565 366 3641 puero
390 3546 615 3641 periclitanti,
643 3545 854 3641 supervenit
882 3546 1028 3639 flantes,
1055 3545 1118 3638 qui
1147 3552 1235 3620 tunc
1265 3553 1344 3620 erat
1373 3546 1421 3621 de

247 3666 435 3740 Prioribus
469 3665 690 3761 regentibus.
725 3664 794 3752 Qui
831 3663 952 3738 subito
983 3663 1060 3737 viso
1092 3683 1221 3759 puero,
1257 3665 1420 3740 clamare

245 3785 377 3880 coepit:
395 3784 449 3858 hh
474 3785 563 3879 quid
587 3784 713 3877 facitis,
736 3803 828 3880 gens
852 3783 995 3879 ignara!
1021 3788 1189 3877 portetur
1214 3804 1289 3857 una
1315 3805 1422 3859 socu-

248 3904 312 3997 ris3
339 3910 377 3977 et
401 3904 574 3979 continuo
599 3909 742 3998 portata
768 3903 901 3996 securi,
919 3903 1053 3979 Dantes
1075 3901 1244 3976 manibus
1265 3905 1421 3999 propriis

247 4024 426 4117 percussit
450 4022 620 4118 lapidem,
647 4021 711 4116 qui
735 4022 781 4096 de
806 4042 995 4096 marmore
1012 4029 1102 4117 erat,
1122 4028 1159 4096 et
1176 4022 1327 4097 faciliter
1345 4023 1420 4097 fre-

243 4145 313 4240 git:
340 4164 387 4219 ex
413 4164 488 4237 quo
514 4162 607 4237 puer
629 4141 733 4236 quasi
751 4142 971 4216 reviviscens
996 4163 1017 4217 a
1044 4143 1200 4217 mortuis
1220 4142 1313 4215 liber
1331 4161 1420 4215 eva-

309 4406 337 4468 (¹)
351 4408 383 4457 13.
399 4408 502 4471 quando
518 4407 618 4458 seilicet
632 4411 744 4471 oportet.
920 4407 948 4469 (¹)
964 4406 995 4456 E.
1014 4404 1196 4468 baptisterium
1214 4404 1287 4454 sicut.

309 4482 336 4545 (¹)
353 4487 408 4545 111,
424 4484 492 4535 slent
506 4489 534 4535 ot
549 4484 664 4535 Macula
677 4485 764 4537 etiam.

310 4559 337 4619 (⁸)
354 4563 408 4619 mc,
425 4560 506 4610 dicat:
523 4560 577 4609 imo
592 4572 667 4624 mque
683 4558 769 4623 ampla
784 4564 811 4609 et
826 4571 900 4622 equo
916 4571 1017 4622 magna,
1034 4556 1106 4622 quasi
1122 4555 1203 4606 dicat:
1221 4556 1355 4610 inlotam.

307 4634 337 4695 Γ)
353 4634 384 4685 Ε
400 4641 541 4687 emerserat
558 4642 632 4687 antea
649 4637 676 4686 in
692 4636 768 4686 dicto.
924 4632 952 4698 (Ἴ
971 4638 1025 4695 ltu,
1041 4633 1151 4684 extrahi.
