<?xml version="1.0" encoding="UTF-8"?>
<!DOCTYPE html PUBLIC "-//W3C//DTD XHTML 1.0 Transitional//EN"
    "http://www.w3.org/TR/xhtml1/DTD/xhtml1-transitional.dtd">
<html xmlns="http://www.w3.org/1999/xhtml" xml:lang="en" lang="en">
 <head>
  <title>
</title>
<meta http-equiv="Content-Type" content="text/html;charset=utf-8" />
  <meta name='ocr-system' content='tesseract 3.04.00' />
  <meta name='ocr-capabilities' content='ocr_page ocr_carea ocr_par ocr_line ocrx_word'/>
</head>
<body>
  <div class='ocr_page' id='page_1' title='image "benevenutideram00lacagoog_0055.png"; bbox 0 0 3720 5566; ppageno 0'>
   <div class='ocr_carea' id='block_1_1' title="bbox 425 406 1202 470">
    <p class='ocr_par' dir='ltr' id='par_1_1' title="bbox 425 406 1202 470">
     <span class='ocr_line' id='line_1_1' title="bbox 425 406 1202 470; baseline -0.008 0"><span class='ocrx_word' id='word_1_1' title='bbox 425 406 471 470; x_wconf 73' lang='lat' dir='ltr'>la</span> <span class='ocrx_word' id='word_1_2' title='bbox 823 412 1026 467; x_wconf 77' lang='lat' dir='ltr'>sensurum</span> <span class='ocrx_word' id='word_1_3' title='bbox 1051 413 1202 466; x_wconf 75' lang='lat' dir='ltr'>rursum</span> 
     </span>
    </p>
   </div>
   <div class='ocr_carea' id='block_1_2' title="bbox 422 556 1658 3046">
    <p class='ocr_par' dir='ltr' id='par_1_2' title="bbox 422 556 1658 3046">
     <span class='ocr_line' id='line_1_2' title="bbox 423 556 1597 652; baseline 0 -18"><span class='ocrx_word' id='word_1_4' title='bbox 423 559 613 635; x_wconf 86' lang='lat' dir='ltr'>vendendo</span> <span class='ocrx_word' id='word_1_5' title='bbox 643 579 738 649; x_wconf 88' lang='lat' dir='ltr'>eam,</span> <span class='ocrx_word' id='word_1_6' title='bbox 772 563 809 631; x_wconf 90' lang='lat' dir='ltr'>et</span> <span class='ocrx_word' id='word_1_7' title='bbox 840 556 1029 652; x_wconf 80' lang='lat' dir='ltr'>tyrannice</span> <span class='ocrx_word' id='word_1_8' title='bbox 1061 556 1259 632; x_wconf 87' lang='lat' dir='ltr'>tractando.</span> <span class='ocrx_word' id='word_1_9' title='bbox 1291 556 1345 631; x_wconf 79' lang='lat' dir='ltr'>dd</span> <span class='ocrx_word' id='word_1_10' title='bbox 1375 557 1597 634; x_wconf 85' lang='lat' dir='ltr'>evidentiam</span> 
     </span>
     <span class='ocr_line' id='line_1_3' title="bbox 423 676 1596 775; baseline -0.003 -22"><span class='ocrx_word' id='word_1_11' title='bbox 423 682 557 754; x_wconf 90' lang='lat' dir='ltr'>horum</span> <span class='ocrx_word' id='word_1_12' title='bbox 575 681 720 775; x_wconf 84' lang='lat' dir='ltr'>plenam</span> <span class='ocrx_word' id='word_1_13' title='bbox 735 682 790 751; x_wconf 90' lang='lat' dir='ltr'>est</span> <span class='ocrx_word' id='word_1_14' title='bbox 803 676 1005 770; x_wconf 91' lang='lat' dir='ltr'>sciendum,</span> <span class='ocrx_word' id='word_1_15' title='bbox 1020 676 1118 770; x_wconf 92' lang='lat' dir='ltr'>quod</span> <span class='ocrx_word' id='word_1_16' title='bbox 1131 697 1228 750; x_wconf 90' lang='lat' dir='ltr'>anno</span> <span class='ocrx_word' id='word_1_17' title='bbox 1241 676 1385 750; x_wconf 83' lang='lat' dir='ltr'>Domini</span> <span class='ocrx_word' id='word_1_18' title='bbox 1398 677 1596 751; x_wconf 82' lang='lat' dir='ltr'>uduxulv</span> 
     </span>
     <span class='ocr_line' id='line_1_4' title="bbox 423 794 1596 874; baseline -0.004 0"><span class='ocrx_word' id='word_1_19' title='bbox 423 820 510 874; x_wconf 86' lang='lat' dir='ltr'>cum</span> <span class='ocrx_word' id='word_1_20' title='bbox 536 798 738 874; x_wconf 77' lang='lat' dir='ltr'>cardinales</span> <span class='ocrx_word' id='word_1_21' title='bbox 755 802 877 871; x_wconf 88' lang='lat' dir='ltr'>essent</span> <span class='ocrx_word' id='word_1_22' title='bbox 894 796 931 868; x_wconf 93' lang='lat' dir='ltr'>in</span> <span class='ocrx_word' id='word_1_23' title='bbox 948 795 1094 870; x_wconf 89' lang='lat' dir='ltr'>civitate</span> <span class='ocrx_word' id='word_1_24' title='bbox 1115 794 1256 869; x_wconf 89' lang='lat' dir='ltr'>Perusii</span> <span class='ocrx_word' id='word_1_25' title='bbox 1282 796 1444 869; x_wconf 91' lang='lat' dir='ltr'>multum</span> <span class='ocrx_word' id='word_1_26' title='bbox 1465 797 1596 871; x_wconf 88' lang='lat' dir='ltr'>arctati</span> 
     </span>
     <span class='ocr_line' id='line_1_5' title="bbox 422 915 1595 1014; baseline -0.002 -22"><span class='ocrx_word' id='word_1_27' title='bbox 422 918 658 1014; x_wconf 90' lang='lat' dir='ltr'>aperusinis,</span> <span class='ocrx_word' id='word_1_28' title='bbox 686 918 772 1012; x_wconf 89' lang='lat' dir='ltr'>quia</span> <span class='ocrx_word' id='word_1_29' title='bbox 804 916 957 990; x_wconf 89' lang='lat' dir='ltr'>ecclesia</span> <span class='ocrx_word' id='word_1_30' title='bbox 986 916 1106 990; x_wconf 88' lang='lat' dir='ltr'>luerat</span> <span class='ocrx_word' id='word_1_31' title='bbox 1140 915 1218 989; x_wconf 91' lang='lat' dir='ltr'>sine</span> <span class='ocrx_word' id='word_1_32' title='bbox 1250 921 1397 1010; x_wconf 77' lang='lat' dir='ltr'>pastore</span> <span class='ocrx_word' id='word_1_33' title='bbox 1428 917 1595 1011; x_wconf 89' lang='lat' dir='ltr'>pluribus</span> 
     </span>
     <span class='ocr_line' id='line_1_6' title="bbox 423 1034 1596 1132; baseline -0.003 -20"><span class='ocrx_word' id='word_1_34' title='bbox 423 1038 567 1112; x_wconf 87' lang='lat' dir='ltr'>duobus</span> <span class='ocrx_word' id='word_1_35' title='bbox 596 1037 711 1132; x_wconf 89' lang='lat' dir='ltr'>annis,</span> <span class='ocrx_word' id='word_1_36' title='bbox 742 1055 816 1111; x_wconf 91' lang='lat' dir='ltr'>non</span> <span class='ocrx_word' id='word_1_37' title='bbox 852 1037 1013 1110; x_wconf 89' lang='lat' dir='ltr'>valentes</span> <span class='ocrx_word' id='word_1_38' title='bbox 1043 1035 1269 1109; x_wconf 89' lang='lat' dir='ltr'>concordare</span> <span class='ocrx_word' id='word_1_39' title='bbox 1299 1034 1337 1107; x_wconf 92' lang='lat' dir='ltr'>in</span> <span class='ocrx_word' id='word_1_40' title='bbox 1366 1035 1503 1129; x_wconf 89' lang='lat' dir='ltr'>aliquo,</span> <span class='ocrx_word' id='word_1_41' title='bbox 1534 1036 1596 1129; x_wconf 93' lang='lat' dir='ltr'>qui</span> 
     </span>
     <span class='ocr_line' id='line_1_7' title="bbox 424 1154 1595 1252; baseline -0.005 -19"><span class='ocrx_word' id='word_1_42' title='bbox 424 1164 520 1233; x_wconf 88' lang='lat' dir='ltr'>esset</span> <span class='ocrx_word' id='word_1_43' title='bbox 544 1158 590 1232; x_wconf 93' lang='lat' dir='ltr'>de</span> <span class='ocrx_word' id='word_1_44' title='bbox 615 1156 786 1252; x_wconf 75' lang='lat' dir='ltr'>collegio,</span> <span class='ocrx_word' id='word_1_45' title='bbox 804 1156 960 1230; x_wconf 87' lang='lat' dir='ltr'>finaliter</span> <span class='ocrx_word' id='word_1_46' title='bbox 985 1155 1177 1251; x_wconf 84' lang='lat' dir='ltr'>elegerunt</span> <span class='ocrx_word' id='word_1_47' title='bbox 1202 1154 1400 1249; x_wconf 81' lang='lat' dir='ltr'>quemdam</span> <span class='ocrx_word' id='word_1_48' title='bbox 1426 1161 1595 1229; x_wconf 88' lang='lat' dir='ltr'>sanctum</span> 
     </span>
     <span class='ocr_line' id='line_1_8' title="bbox 424 1275 1597 1370; baseline -0.003 -18"><span class='ocrx_word' id='word_1_49' title='bbox 424 1279 559 1370; x_wconf 86' lang='lat' dir='ltr'>virum,</span> <span class='ocrx_word' id='word_1_50' title='bbox 593 1277 657 1369; x_wconf 93' lang='lat' dir='ltr'>qui</span> <span class='ocrx_word' id='word_1_51' title='bbox 689 1281 841 1350; x_wconf 83' lang='lat' dir='ltr'>vocatus</span> <span class='ocrx_word' id='word_1_52' title='bbox 871 1282 926 1349; x_wconf 86' lang='lat' dir='ltr'>est</span> <span class='ocrx_word' id='word_1_53' title='bbox 954 1275 1067 1349; x_wconf 88' lang='lat' dir='ltr'>lrater</span> <span class='ocrx_word' id='word_1_54' title='bbox 1099 1276 1229 1349; x_wconf 87' lang='lat' dir='ltr'>Petrus</span> <span class='ocrx_word' id='word_1_55' title='bbox 1261 1276 1306 1349; x_wconf 87' lang='lat' dir='ltr'>de</span> <span class='ocrx_word' id='word_1_56' title='bbox 1338 1277 1498 1349; x_wconf 88' lang='lat' dir='ltr'>Morono.</span> <span class='ocrx_word' id='word_1_57' title='bbox 1531 1275 1597 1349; x_wconf 88' lang='lat' dir='ltr'>Hic</span> 
     </span>
     <span class='ocr_line' id='line_1_9' title="bbox 425 1394 1658 1490; baseline -0.005 -18"><span class='ocrx_word' id='word_1_58' title='bbox 425 1402 505 1472; x_wconf 88' lang='lat' dir='ltr'>erat</span> <span class='ocrx_word' id='word_1_59' title='bbox 530 1395 577 1470; x_wconf 91' lang='lat' dir='ltr'>de</span> <span class='ocrx_word' id='word_1_60' title='bbox 601 1395 770 1490; x_wconf 77' lang='lat' dir='ltr'>Apruti03</span> <span class='ocrx_word' id='word_1_61' title='bbox 798 1394 861 1487; x_wconf 93' lang='lat' dir='ltr'>qui</span> <span class='ocrx_word' id='word_1_62' title='bbox 887 1414 1000 1490; x_wconf 83' lang='lat' dir='ltr'>agens</span> <span class='ocrx_word' id='word_1_63' title='bbox 1024 1394 1288 1488; x_wconf 74' lang='lat' dir='ltr'>poenitentiam,</span> <span class='ocrx_word' id='word_1_64' title='bbox 1313 1394 1485 1468; x_wconf 89' lang='lat' dir='ltr'>ordinatis</span> <span class='ocrx_word' id='word_1_65' title='bbox 1515 1396 1596 1488; x_wconf 92' lang='lat' dir='ltr'>plu·</span> <span class='ocrx_word' id='word_1_66' title='bbox 1655 1405 1658 1408; x_wconf 80' lang='grc'><strong><em>’</em></strong></span> 
     </span>
     <span class='ocr_line' id='line_1_10' title="bbox 427 1511 1596 1606; baseline -0.003 -18"><span class='ocrx_word' id='word_1_67' title='bbox 427 1515 528 1588; x_wconf 89' lang='lat' dir='ltr'>ribus</span> <span class='ocrx_word' id='word_1_68' title='bbox 554 1513 783 1588; x_wconf 87' lang='lat' dir='ltr'>monasteriis</span> <span class='ocrx_word' id='word_1_69' title='bbox 818 1513 875 1586; x_wconf 91' lang='lat' dir='ltr'>sui</span> <span class='ocrx_word' id='word_1_70' title='bbox 909 1512 1055 1606; x_wconf 82' lang='lat' dir='ltr'>ordinis,</span> <span class='ocrx_word' id='word_1_71' title='bbox 1081 1513 1146 1588; x_wconf 89' lang='lat' dir='ltr'>ivit</span> <span class='ocrx_word' id='word_1_72' title='bbox 1176 1513 1223 1587; x_wconf 93' lang='lat' dir='ltr'>ad</span> <span class='ocrx_word' id='word_1_73' title='bbox 1250 1521 1392 1587; x_wconf 83' lang='lat' dir='ltr'>memes</span> <span class='ocrx_word' id='word_1_74' title='bbox 1421 1511 1596 1606; x_wconf 87' lang='lat' dir='ltr'>Murenis,</span> 
     </span>
     <span class='ocr_line' id='line_1_11' title="bbox 426 1632 1596 1729; baseline -0.001 -23"><span class='ocrx_word' id='word_1_75' title='bbox 426 1653 511 1729; x_wconf 85' lang='lat' dir='ltr'>quae</span> <span class='ocrx_word' id='word_1_76' title='bbox 535 1639 732 1707; x_wconf 88' lang='lat' dir='ltr'>montanea</span> <span class='ocrx_word' id='word_1_77' title='bbox 757 1638 812 1706; x_wconf 91' lang='lat' dir='ltr'>est</span> <span class='ocrx_word' id='word_1_78' title='bbox 836 1653 948 1728; x_wconf 90' lang='lat' dir='ltr'>supra</span> <span class='ocrx_word' id='word_1_79' title='bbox 974 1632 1200 1706; x_wconf 89' lang='lat' dir='ltr'>Sulmonem.</span> <span class='ocrx_word' id='word_1_80' title='bbox 1227 1635 1297 1706; x_wconf 92' lang='lat' dir='ltr'>lste</span> <span class='ocrx_word' id='word_1_81' title='bbox 1322 1639 1475 1707; x_wconf 82' lang='lat' dir='ltr'>vocatus</span> <span class='ocrx_word' id='word_1_82' title='bbox 1503 1651 1596 1727; x_wconf 89' lang='lat' dir='ltr'>papa</span> 
     </span>
     <span class='ocr_line' id='line_1_12' title="bbox 426 1751 1597 1828; baseline -0.003 0"><span class='ocrx_word' id='word_1_83' title='bbox 426 1753 640 1828; x_wconf 79' lang='lat' dir='ltr'>Caelestinus</span> <span class='ocrx_word' id='word_1_84' title='bbox 669 1752 699 1822; x_wconf 93' lang='lat' dir='ltr'>V</span> <span class='ocrx_word' id='word_1_85' title='bbox 738 1752 876 1826; x_wconf 86' lang='lat' dir='ltr'>creavit</span> <span class='ocrx_word' id='word_1_86' title='bbox 911 1751 1105 1825; x_wconf 85' lang='lat' dir='ltr'>duodecim</span> <span class='ocrx_word' id='word_1_87' title='bbox 1144 1751 1346 1825; x_wconf 82' lang='lat' dir='ltr'>cardinales</span> <span class='ocrx_word' id='word_1_88' title='bbox 1384 1751 1430 1825; x_wconf 89' lang='lat' dir='ltr'>de</span> <span class='ocrx_word' id='word_1_89' title='bbox 1470 1771 1597 1824; x_wconf 90' lang='lat' dir='ltr'>mense</span> 
     </span>
     <span class='ocr_line' id='line_1_13' title="bbox 425 1870 1598 1969; baseline -0.003 -21"><span class='ocrx_word' id='word_1_90' title='bbox 425 1871 641 1969; x_wconf 80' lang='lat' dir='ltr'>septembris</span> <span class='ocrx_word' id='word_1_91' title='bbox 666 1891 733 1965; x_wconf 92' lang='lat' dir='ltr'>pro</span> <span class='ocrx_word' id='word_1_92' title='bbox 759 1891 892 1966; x_wconf 82' lang='lat' dir='ltr'>magna</span> <span class='ocrx_word' id='word_1_93' title='bbox 923 1878 1027 1965; x_wconf 89' lang='lat' dir='ltr'>parte</span> <span class='ocrx_word' id='word_1_94' title='bbox 1060 1872 1351 1944; x_wconf 89' lang='lat' dir='ltr'>ultramontanos</span> <span class='ocrx_word' id='word_1_95' title='bbox 1383 1870 1429 1944; x_wconf 91' lang='lat' dir='ltr'>ad</span> <span class='ocrx_word' id='word_1_96' title='bbox 1455 1870 1598 1965; x_wconf 91' lang='lat' dir='ltr'>petitio-</span> 
     </span>
     <span class='ocr_line' id='line_1_14' title="bbox 428 1989 1598 2084; baseline -0.005 -17"><span class='ocrx_word' id='word_1_97' title='bbox 428 2013 513 2067; x_wconf 88' lang='lat' dir='ltr'>nem</span> <span class='ocrx_word' id='word_1_98' title='bbox 531 1991 651 2065; x_wconf 85' lang='lat' dir='ltr'>Caroli</span> <span class='ocrx_word' id='word_1_99' title='bbox 677 1990 726 2083; x_wconf 87' lang='lat' dir='ltr'>ll;</span> <span class='ocrx_word' id='word_1_100' title='bbox 745 2010 820 2084; x_wconf 93' lang='lat' dir='ltr'>quo</span> <span class='ocrx_word' id='word_1_101' title='bbox 844 1989 940 2065; x_wconf 89' lang='lat' dir='ltr'>lacto</span> <span class='ocrx_word' id='word_1_102' title='bbox 965 1990 1029 2063; x_wconf 80' lang='lat' dir='ltr'>ivit</span> <span class='ocrx_word' id='word_1_103' title='bbox 1053 2010 1139 2063; x_wconf 87' lang='lat' dir='ltr'>cum</span> <span class='ocrx_word' id='word_1_104' title='bbox 1161 1990 1264 2063; x_wconf 91' lang='lat' dir='ltr'>curia</span> <span class='ocrx_word' id='word_1_105' title='bbox 1285 1989 1484 2084; x_wconf 89' lang='lat' dir='ltr'>Neapolim.</span> <span class='ocrx_word' id='word_1_106' title='bbox 1511 1990 1598 2062; x_wconf 87' lang='lat' dir='ltr'>Erat</span> 
     </span>
     <span class='ocr_line' id='line_1_15' title="bbox 430 2108 1597 2205; baseline -0.002 -20"><span class='ocrx_word' id='word_1_107' title='bbox 430 2118 556 2185; x_wconf 91' lang='lat' dir='ltr'>autem</span> <span class='ocrx_word' id='word_1_108' title='bbox 594 2111 651 2182; x_wconf 88' lang='lat' dir='ltr'>vir</span> <span class='ocrx_word' id='word_1_109' title='bbox 688 2110 858 2205; x_wconf 84' lang='lat' dir='ltr'>simplex,</span> <span class='ocrx_word' id='word_1_110' title='bbox 897 2110 1103 2203; x_wconf 81' lang='lat' dir='ltr'>illiteratus,</span> <span class='ocrx_word' id='word_1_111' title='bbox 1138 2109 1303 2183; x_wconf 88' lang='lat' dir='ltr'>inhabilis</span> <span class='ocrx_word' id='word_1_112' title='bbox 1337 2109 1481 2203; x_wconf 80' lang='lat' dir='ltr'>offici03</span> <span class='ocrx_word' id='word_1_113' title='bbox 1515 2108 1597 2183; x_wconf 89' lang='lat' dir='ltr'>ideo</span> 
     </span>
     <span class='ocr_line' id='line_1_16' title="bbox 431 2228 1596 2325; baseline 0 -23"><span class='ocrx_word' id='word_1_114' title='bbox 431 2228 620 2325; x_wconf 81' lang='lat' dir='ltr'>quaerebat</span> <span class='ocrx_word' id='word_1_115' title='bbox 649 2228 747 2303; x_wconf 89' lang='lat' dir='ltr'>viam</span> <span class='ocrx_word' id='word_1_116' title='bbox 780 2249 886 2323; x_wconf 88' lang='lat' dir='ltr'>posse</span> <span class='ocrx_word' id='word_1_117' title='bbox 920 2230 1133 2303; x_wconf 89' lang='lat' dir='ltr'>renuntiare</span> <span class='ocrx_word' id='word_1_118' title='bbox 1162 2229 1319 2325; x_wconf 91' lang='lat' dir='ltr'>papatui.</span> <span class='ocrx_word' id='word_1_119' title='bbox 1350 2231 1448 2303; x_wconf 88' lang='lat' dir='ltr'>luter</span> <span class='ocrx_word' id='word_1_120' title='bbox 1478 2228 1596 2303; x_wconf 89' lang='lat' dir='ltr'>cardi-</span> 
     </span>
     <span class='ocr_line' id='line_1_17' title="bbox 428 2347 1598 2442; baseline -0.002 -20"><span class='ocrx_word' id='word_1_121' title='bbox 428 2350 529 2424; x_wconf 89' lang='lat' dir='ltr'>nales</span> <span class='ocrx_word' id='word_1_122' title='bbox 558 2354 638 2422; x_wconf 89' lang='lat' dir='ltr'>erat</span> <span class='ocrx_word' id='word_1_123' title='bbox 671 2349 819 2442; x_wconf 89' lang='lat' dir='ltr'>quidam</span> <span class='ocrx_word' id='word_1_124' title='bbox 845 2347 1015 2421; x_wconf 92' lang='lat' dir='ltr'>dominus</span> <span class='ocrx_word' id='word_1_125' title='bbox 1045 2348 1261 2423; x_wconf 85' lang='lat' dir='ltr'>Benedictus</span> <span class='ocrx_word' id='word_1_126' title='bbox 1294 2348 1341 2423; x_wconf 93' lang='lat' dir='ltr'>de</span> <span class='ocrx_word' id='word_1_127' title='bbox 1373 2348 1514 2422; x_wconf 76' lang='lat' dir='ltr'>Anania</span> <span class='ocrx_word' id='word_1_128' title='bbox 1546 2347 1598 2422; x_wconf 92' lang='lat' dir='ltr'>ci·</span> 
     </span>
     <span class='ocr_line' id='line_1_18' title="bbox 428 2467 1599 2563; baseline -0.003 -20"><span class='ocrx_word' id='word_1_129' title='bbox 428 2469 539 2543; x_wconf 90' lang='lat' dir='ltr'>vitate</span> <span class='ocrx_word' id='word_1_130' title='bbox 563 2467 609 2541; x_wconf 93' lang='lat' dir='ltr'>de</span> <span class='ocrx_word' id='word_1_131' title='bbox 634 2467 820 2562; x_wconf 91' lang='lat' dir='ltr'>provincia</span> <span class='ocrx_word' id='word_1_132' title='bbox 845 2467 1064 2562; x_wconf 79' lang='lat' dir='ltr'>Campaniae,</span> <span class='ocrx_word' id='word_1_133' title='bbox 1090 2467 1146 2541; x_wconf 87' lang='lat' dir='ltr'>vir</span> <span class='ocrx_word' id='word_1_134' title='bbox 1171 2488 1237 2563; x_wconf 90' lang='lat' dir='ltr'>per</span> <span class='ocrx_word' id='word_1_135' title='bbox 1262 2468 1469 2562; x_wconf 91' lang='lat' dir='ltr'>oppositum</span> <span class='ocrx_word' id='word_1_136' title='bbox 1497 2473 1599 2541; x_wconf 89' lang='lat' dir='ltr'>astu-</span> 
     </span>
     <span class='ocr_line' id='line_1_19' title="bbox 429 2585 1597 2681; baseline -0.003 -19"><span class='ocrx_word' id='word_1_137' title='bbox 429 2587 599 2680; x_wconf 85' lang='lat' dir='ltr'>tissimus,</span> <span class='ocrx_word' id='word_1_138' title='bbox 630 2587 795 2659; x_wconf 89' lang='lat' dir='ltr'>literatus</span> <span class='ocrx_word' id='word_1_139' title='bbox 826 2586 1070 2659; x_wconf 89' lang='lat' dir='ltr'>habilissimus</span> <span class='ocrx_word' id='word_1_140' title='bbox 1102 2585 1148 2659; x_wconf 91' lang='lat' dir='ltr'>ad</span> <span class='ocrx_word' id='word_1_141' title='bbox 1180 2606 1427 2680; x_wconf 76' lang='lat' dir='ltr'>quecumque</span> <span class='ocrx_word' id='word_1_142' title='bbox 1463 2607 1597 2681; x_wconf 82' lang='lat' dir='ltr'>magna</span> 
     </span>
     <span class='ocr_line' id='line_1_20' title="bbox 427 2705 1595 2801; baseline -0.004 -19"><span class='ocrx_word' id='word_1_143' title='bbox 427 2709 548 2782; x_wconf 87' lang='lat' dir='ltr'>officia</span> <span class='ocrx_word' id='word_1_144' title='bbox 564 2713 602 2780; x_wconf 89' lang='lat' dir='ltr'>et</span> <span class='ocrx_word' id='word_1_145' title='bbox 619 2706 772 2801; x_wconf 89' lang='lat' dir='ltr'>imperia</span> <span class='ocrx_word' id='word_1_146' title='bbox 791 2706 937 2800; x_wconf 74' lang='lat' dir='ltr'>mundi,</span> <span class='ocrx_word' id='word_1_147' title='bbox 954 2706 1019 2800; x_wconf 91' lang='lat' dir='ltr'>qui</span> <span class='ocrx_word' id='word_1_148' title='bbox 1037 2726 1185 2780; x_wconf 90' lang='lat' dir='ltr'>summe</span> <span class='ocrx_word' id='word_1_149' title='bbox 1201 2705 1396 2781; x_wconf 84' lang='lat' dir='ltr'>affectabat</span> <span class='ocrx_word' id='word_1_150' title='bbox 1412 2726 1595 2781; x_wconf 90' lang='lat' dir='ltr'>summam</span> 
     </span>
     <span class='ocr_line' id='line_1_21' title="bbox 426 2826 1599 2922; baseline -0.001 -22"><span class='ocrx_word' id='word_1_151' title='bbox 426 2827 649 2922; x_wconf 83' lang='lat' dir='ltr'>dignitatem.</span> <span class='ocrx_word' id='word_1_152' title='bbox 676 2827 747 2901; x_wconf 91' lang='lat' dir='ltr'>lste</span> <span class='ocrx_word' id='word_1_153' title='bbox 772 2827 951 2922; x_wconf 78' lang='lat' dir='ltr'>sagaciter</span> <span class='ocrx_word' id='word_1_154' title='bbox 981 2826 1170 2920; x_wconf 80' lang='lat' dir='ltr'>explorata</span> <span class='ocrx_word' id='word_1_155' title='bbox 1199 2827 1388 2900; x_wconf 77' lang='lat' dir='ltr'>uoluntate</span> <span class='ocrx_word' id='word_1_156' title='bbox 1417 2826 1537 2901; x_wconf 88' lang='lat' dir='ltr'>Caroli</span> <span class='ocrx_word' id='word_1_157' title='bbox 1562 2833 1599 2900; x_wconf 92' lang='lat' dir='ltr'>et</span> 
     </span>
     <span class='ocr_line' id='line_1_22' title="bbox 427 2945 1598 3046; baseline 0.002 -26"><span class='ocrx_word' id='word_1_158' title='bbox 427 2945 679 3041; x_wconf 85' lang='lat' dir='ltr'>cardinalium,</span> <span class='ocrx_word' id='word_1_159' title='bbox 693 2947 757 3039; x_wconf 91' lang='lat' dir='ltr'>qui</span> <span class='ocrx_word' id='word_1_160' title='bbox 773 2946 947 3040; x_wconf 89' lang='lat' dir='ltr'>optabant</span> <span class='ocrx_word' id='word_1_161' title='bbox 960 2967 1089 3020; x_wconf 92' lang='lat' dir='ltr'>omnes</span> <span class='ocrx_word' id='word_1_162' title='bbox 1107 2953 1253 3021; x_wconf 87' lang='lat' dir='ltr'>mutare</span> <span class='ocrx_word' id='word_1_163' title='bbox 1268 2948 1493 3043; x_wconf 81' lang='lat' dir='ltr'>pontificem,</span> <span class='ocrx_word' id='word_1_164' title='bbox 1513 2969 1598 3046; x_wconf 93' lang='lat' dir='ltr'>per-</span> 
     </span>
    </p>
   </div>
   <div class='ocr_carea' id='block_1_3' title="bbox 296 3064 1599 3161">
    <p class='ocr_par' dir='ltr' id='par_1_3' title="bbox 296 3064 1599 3161">
     <span class='ocr_line' id='line_1_23' title="bbox 296 3064 1599 3161; baseline -0.002 -19"><span class='ocrx_word' id='word_1_165' title='bbox 296 3129 305 3142; x_wconf 83' lang='grc'><em>,</em></span> <span class='ocrx_word' id='word_1_166' title='bbox 427 3065 542 3139; x_wconf 88' lang='lat' dir='ltr'>suasit</span> <span class='ocrx_word' id='word_1_167' title='bbox 559 3064 764 3159; x_wconf 79' lang='lat' dir='ltr'>Goelestino,</span> <span class='ocrx_word' id='word_1_168' title='bbox 785 3070 825 3138; x_wconf 91' lang='lat' dir='ltr'>ut</span> <span class='ocrx_word' id='word_1_169' title='bbox 841 3065 980 3139; x_wconf 88' lang='lat' dir='ltr'>laceret</span> <span class='ocrx_word' id='word_1_170' title='bbox 996 3087 1109 3138; x_wconf 92' lang='lat' dir='ltr'>unam</span> <span class='ocrx_word' id='word_1_171' title='bbox 1136 3066 1369 3159; x_wconf 85' lang='lat' dir='ltr'>decretalem,</span> <span class='ocrx_word' id='word_1_172' title='bbox 1394 3068 1492 3160; x_wconf 92' lang='lat' dir='ltr'>quod</span> <span class='ocrx_word' id='word_1_173' title='bbox 1514 3067 1599 3161; x_wconf 91' lang='lat' dir='ltr'>qui-</span> 
     </span>
    </p>
   </div>
   <div class='ocr_carea' id='block_1_4' title="bbox 428 3185 1601 3761">
    <p class='ocr_par' dir='ltr' id='par_1_4' title="bbox 428 3185 1601 3761">
     <span class='ocr_line' id='line_1_24' title="bbox 428 3185 1597 3281; baseline 0.001 -22"><span class='ocrx_word' id='word_1_174' title='bbox 428 3185 513 3259; x_wconf 90' lang='lat' dir='ltr'>libet</span> <span class='ocrx_word' id='word_1_175' title='bbox 539 3205 632 3279; x_wconf 91' lang='lat' dir='ltr'>papa</span> <span class='ocrx_word' id='word_1_176' title='bbox 657 3195 779 3279; x_wconf 89' lang='lat' dir='ltr'>posset</span> <span class='ocrx_word' id='word_1_177' title='bbox 807 3185 1021 3259; x_wconf 90' lang='lat' dir='ltr'>renuntiare</span> <span class='ocrx_word' id='word_1_178' title='bbox 1046 3185 1206 3280; x_wconf 88' lang='lat' dir='ltr'>papatui,</span> <span class='ocrx_word' id='word_1_179' title='bbox 1233 3189 1403 3281; x_wconf 81' lang='lat' dir='ltr'>exemplo</span> <span class='ocrx_word' id='word_1_180' title='bbox 1428 3188 1597 3262; x_wconf 87' lang='lat' dir='ltr'>Clemen-</span> 
     </span>
     <span class='ocr_line' id='line_1_25' title="bbox 429 3305 1598 3397; baseline 0.003 -19"><span class='ocrx_word' id='word_1_181' title='bbox 429 3306 473 3378; x_wconf 90' lang='lat' dir='ltr'>tis</span> <span class='ocrx_word' id='word_1_182' title='bbox 489 3305 514 3376; x_wconf 94' lang='lat' dir='ltr'>l.</span> <span class='ocrx_word' id='word_1_183' title='bbox 542 3305 623 3391; x_wconf 84' lang='lat' dir='ltr'>Quo</span> <span class='ocrx_word' id='word_1_184' title='bbox 648 3305 755 3397; x_wconf 85' lang='lat' dir='ltr'>lacte,</span> <span class='ocrx_word' id='word_1_185' title='bbox 781 3305 899 3379; x_wconf 91' lang='lat' dir='ltr'>dictus</span> <span class='ocrx_word' id='word_1_186' title='bbox 921 3306 1135 3380; x_wconf 84' lang='lat' dir='ltr'>Coelestinus</span> <span class='ocrx_word' id='word_1_187' title='bbox 1156 3307 1193 3378; x_wconf 93' lang='lat' dir='ltr'>in</span> <span class='ocrx_word' id='word_1_188' title='bbox 1215 3306 1309 3380; x_wconf 82' lang='lat' dir='ltr'>sesto</span> <span class='ocrx_word' id='word_1_189' title='bbox 1334 3308 1452 3381; x_wconf 86' lang='lat' dir='ltr'>beatae</span> <span class='ocrx_word' id='word_1_190' title='bbox 1478 3307 1598 3381; x_wconf 83' lang='lat' dir='ltr'>Luciae</span> 
     </span>
     <span class='ocr_line' id='line_1_26' title="bbox 428 3424 1599 3522; baseline 0.003 -25"><span class='ocrx_word' id='word_1_191' title='bbox 428 3425 681 3520; x_wconf 76' lang='lat' dir='ltr'>inpraesentia</span> <span class='ocrx_word' id='word_1_192' title='bbox 713 3424 953 3500; x_wconf 90' lang='lat' dir='ltr'>cardinalium</span> <span class='ocrx_word' id='word_1_193' title='bbox 983 3425 1148 3520; x_wconf 87' lang='lat' dir='ltr'>spoliavit</span> <span class='ocrx_word' id='word_1_194' title='bbox 1180 3446 1220 3500; x_wconf 92' lang='lat' dir='ltr'>se</span> <span class='ocrx_word' id='word_1_195' title='bbox 1251 3425 1425 3522; x_wconf 83' lang='lat' dir='ltr'>dignitate</span> <span class='ocrx_word' id='word_1_196' title='bbox 1454 3427 1599 3521; x_wconf 88' lang='lat' dir='ltr'>pontifi-</span> 
     </span>
     <span class='ocr_line' id='line_1_27' title="bbox 428 3537 1597 3641; baseline 0.003 -24"><span class='ocrx_word' id='word_1_197' title='bbox 428 3544 508 3638; x_wconf 88' lang='lat' dir='ltr'>cali,</span> <span class='ocrx_word' id='word_1_198' title='bbox 526 3551 562 3617; x_wconf 88' lang='lat' dir='ltr'>et</span> <span class='ocrx_word' id='word_1_199' title='bbox 581 3545 787 3618; x_wconf 86' lang='lat' dir='ltr'>renuntiato</span> <span class='ocrx_word' id='word_1_200' title='bbox 804 3546 951 3641; x_wconf 88' lang='lat' dir='ltr'>papatui</span> <span class='ocrx_word' id='word_1_201' title='bbox 962 3537 1011 3638; x_wconf 78' lang='lat'>(⁴),</span> <span class='ocrx_word' id='word_1_202' title='bbox 1030 3545 1160 3619; x_wconf 89' lang='lat' dir='ltr'>redivit</span> <span class='ocrx_word' id='word_1_203' title='bbox 1176 3546 1224 3619; x_wconf 93' lang='lat' dir='ltr'>ad</span> <span class='ocrx_word' id='word_1_204' title='bbox 1244 3546 1494 3641; x_wconf 75' lang='lat' dir='ltr'>poenitentiam</span> <span class='ocrx_word' id='word_1_205' title='bbox 1512 3568 1597 3620; x_wconf 92' lang='lat' dir='ltr'>cum</span> 
     </span>
     <span class='ocr_line' id='line_1_28' title="bbox 429 3664 1601 3761; baseline 0.004 -26"><span class='ocrx_word' id='word_1_206' title='bbox 429 3683 564 3758; x_wconf 81' lang='lat' dir='ltr'>magna</span> <span class='ocrx_word' id='word_1_207' title='bbox 587 3664 786 3759; x_wconf 86' lang='lat' dir='ltr'>alacritate,</span> <span class='ocrx_word' id='word_1_208' title='bbox 812 3672 1007 3760; x_wconf 87' lang='lat' dir='ltr'>postquam</span> <span class='ocrx_word' id='word_1_209' title='bbox 1041 3665 1187 3739; x_wconf 90' lang='lat' dir='ltr'>sederat</span> <span class='ocrx_word' id='word_1_210' title='bbox 1219 3666 1405 3740; x_wconf 89' lang='lat' dir='ltr'>mensibus</span> <span class='ocrx_word' id='word_1_211' title='bbox 1435 3668 1601 3761; x_wconf 92' lang='lat' dir='ltr'>quinque</span> 
     </span>
    </p>
   </div>
   <div class='ocr_carea' id='block_1_5' title="bbox 428 3778 1600 4359">
    <p class='ocr_par' dir='ltr' id='par_1_5' title="bbox 428 3778 1600 4359">
     <span class='ocr_line' id='line_1_29' title="bbox 428 3778 1598 3882; baseline 0.003 -26"><span class='ocrx_word' id='word_1_212' title='bbox 428 3782 557 3858; x_wconf 90' lang='lat' dir='ltr'>diebus</span> <span class='ocrx_word' id='word_1_213' title='bbox 582 3790 675 3857; x_wconf 90' lang='lat' dir='ltr'>octo.</span> <span class='ocrx_word' id='word_1_214' title='bbox 703 3783 773 3858; x_wconf 90' lang='lat' dir='ltr'>Sed</span> <span class='ocrx_word' id='word_1_215' title='bbox 790 3791 917 3879; x_wconf 89' lang='lat' dir='ltr'>postea</span> <span class='ocrx_word' id='word_1_216' title='bbox 935 3785 1141 3859; x_wconf 87' lang='lat' dir='ltr'>Bonilacius</span> <span class='ocrx_word' id='word_1_217' title='bbox 1159 3786 1243 3860; x_wconf 86' lang='lat' dir='ltr'>lecit</span> <span class='ocrx_word' id='word_1_218' title='bbox 1268 3787 1387 3882; x_wconf 91' lang='lat' dir='ltr'>ipsum</span> <span class='ocrx_word' id='word_1_219' title='bbox 1403 3778 1439 3879; x_wconf 80' lang='lat'>(¹)</span> <span class='ocrx_word' id='word_1_220' title='bbox 1462 3787 1541 3882; x_wconf 89' lang='lat' dir='ltr'>capi</span> <span class='ocrx_word' id='word_1_221' title='bbox 1561 3786 1598 3860; x_wconf 91' lang='lat' dir='ltr'>in</span> 
     </span>
     <span class='ocr_line' id='line_1_30' title="bbox 431 3899 1600 4000; baseline 0.005 -26"><span class='ocrx_word' id='word_1_222' title='bbox 431 3907 554 3976; x_wconf 87' lang='lat' dir='ltr'>monte</span> <span class='ocrx_word' id='word_1_223' title='bbox 579 3904 692 3977; x_wconf 91' lang='lat' dir='ltr'>sancti</span> <span class='ocrx_word' id='word_1_224' title='bbox 718 3903 844 4000; x_wconf 77' lang='lat' dir='ltr'>Angeli</span> <span class='ocrx_word' id='word_1_225' title='bbox 870 3905 907 3978; x_wconf 93' lang='lat' dir='ltr'>in</span> <span class='ocrx_word' id='word_1_226' title='bbox 932 3904 1062 4000; x_wconf 76' lang='lat' dir='ltr'>Apulia</span> <span class='ocrx_word' id='word_1_227' title='bbox 1082 3905 1119 3978; x_wconf 93' lang='lat' dir='ltr'>in</span> <span class='ocrx_word' id='word_1_228' title='bbox 1140 3906 1231 4000; x_wconf 89' lang='lat' dir='ltr'>loco,</span> <span class='ocrx_word' id='word_1_229' title='bbox 1251 3907 1314 3981; x_wconf 87' lang='lat' dir='ltr'>uhi</span> <span class='ocrx_word' id='word_1_230' title='bbox 1330 3899 1366 3999; x_wconf 80' lang='lat'>(³)</span> <span class='ocrx_word' id='word_1_231' title='bbox 1388 3906 1600 4000; x_wconf 84' lang='lat' dir='ltr'>reduxerat,</span> 
     </span>
     <span class='ocr_line' id='line_1_31' title="bbox 429 4022 1600 4122; baseline 0.005 -27"><span class='ocrx_word' id='word_1_232' title='bbox 429 4032 466 4099; x_wconf 91' lang='lat' dir='ltr'>et</span> <span class='ocrx_word' id='word_1_233' title='bbox 491 4022 632 4117; x_wconf 89' lang='lat' dir='ltr'>private</span> <span class='ocrx_word' id='word_1_234' title='bbox 656 4024 777 4117; x_wconf 86' lang='lat' dir='ltr'>posuit</span> <span class='ocrx_word' id='word_1_235' title='bbox 801 4044 889 4098; x_wconf 91' lang='lat' dir='ltr'>eum</span> <span class='ocrx_word' id='word_1_236' title='bbox 920 4024 958 4097; x_wconf 92' lang='lat' dir='ltr'>in</span> <span class='ocrx_word' id='word_1_237' title='bbox 988 4045 1076 4099; x_wconf 89' lang='lat' dir='ltr'>arce</span> <span class='ocrx_word' id='word_1_238' title='bbox 1106 4025 1291 4099; x_wconf 90' lang='lat' dir='ltr'>Sulmonis</span> <span class='ocrx_word' id='word_1_239' title='bbox 1321 4026 1358 4099; x_wconf 90' lang='lat' dir='ltr'>in</span> <span class='ocrx_word' id='word_1_240' title='bbox 1390 4026 1600 4122; x_wconf 87' lang='lat' dir='ltr'>Campania,</span> 
     </span>
     <span class='ocr_line' id='line_1_32' title="bbox 429 4129 1599 4239; baseline 0.004 -25"><span class='ocrx_word' id='word_1_241' title='bbox 429 4162 476 4216; x_wconf 91' lang='lat' dir='ltr'>ne</span> <span class='ocrx_word' id='word_1_242' title='bbox 502 4142 562 4215; x_wconf 89' lang='lat' dir='ltr'>ille</span> <span class='ocrx_word' id='word_1_243' title='bbox 576 4129 611 4233; x_wconf 72' lang='lat'>(⁸)</span> <span class='ocrx_word' id='word_1_244' title='bbox 640 4142 765 4217; x_wconf 87' lang='lat' dir='ltr'>vivens</span> <span class='ocrx_word' id='word_1_245' title='bbox 791 4150 912 4238; x_wconf 89' lang='lat' dir='ltr'>posset</span> <span class='ocrx_word' id='word_1_246' title='bbox 936 4144 1177 4239; x_wconf 81' lang='lat' dir='ltr'>praejudicare</span> <span class='ocrx_word' id='word_1_247' title='bbox 1202 4166 1280 4219; x_wconf 82' lang='lat' dir='ltr'>suae</span> <span class='ocrx_word' id='word_1_248' title='bbox 1305 4145 1481 4220; x_wconf 86' lang='lat' dir='ltr'>electioni.</span> <span class='ocrx_word' id='word_1_249' title='bbox 1507 4147 1599 4219; x_wconf 90' lang='lat' dir='ltr'>Nam</span> 
     </span>
     <span class='ocr_line' id='line_1_33' title="bbox 430 4261 1599 4359; baseline 0.003 -25"><span class='ocrx_word' id='word_1_250' title='bbox 430 4261 536 4335; x_wconf 92' lang='lat' dir='ltr'>multi</span> <span class='ocrx_word' id='word_1_251' title='bbox 558 4262 742 4337; x_wconf 87' lang='lat' dir='ltr'>christiani</span> <span class='ocrx_word' id='word_1_252' title='bbox 759 4264 978 4359; x_wconf 90' lang='lat' dir='ltr'>reputabant</span> <span class='ocrx_word' id='word_1_253' title='bbox 996 4264 1232 4339; x_wconf 86' lang='lat' dir='ltr'>Coelestinum</span> <span class='ocrx_word' id='word_1_254' title='bbox 1251 4285 1383 4340; x_wconf 90' lang='lat' dir='ltr'>verum</span> <span class='ocrx_word' id='word_1_255' title='bbox 1402 4272 1439 4340; x_wconf 89' lang='lat' dir='ltr'>et</span> <span class='ocrx_word' id='word_1_256' title='bbox 1457 4272 1599 4340; x_wconf 87' lang='lat' dir='ltr'>rectum</span> 
     </span>
    </p>
   </div>
   <div class='ocr_carea' id='block_1_6' title="bbox 492 4448 1533 4593">
    <p class='ocr_par' dir='ltr' id='par_1_6' title="bbox 492 4448 1533 4593">
     <span class='ocr_line' id='line_1_34' title="bbox 492 4448 1322 4514; baseline 0.005 -16"><span class='ocrx_word' id='word_1_257' title='bbox 492 4449 520 4510; x_wconf 81' lang='lat'>(¹)</span> <span class='ocrx_word' id='word_1_258' title='bbox 535 4448 561 4499; x_wconf 87' lang='lat' dir='ltr'>S.</span> <span class='ocrx_word' id='word_1_259' title='bbox 578 4462 593 4499; x_wconf 84' lang='lat' dir='ltr'>e</span> <span class='ocrx_word' id='word_1_260' title='bbox 611 4449 640 4499; x_wconf 86' lang='lat' dir='ltr'>E.</span> <span class='ocrx_word' id='word_1_261' title='bbox 657 4457 761 4514; x_wconf 81' lang='lat' dir='ltr'>papatu.</span> <span class='ocrx_word' id='word_1_262' title='bbox 1057 4450 1085 4514; x_wconf 82' lang='lat'>(¹)</span> <span class='ocrx_word' id='word_1_263' title='bbox 1101 4455 1155 4512; x_wconf 81' lang='lat' dir='ltr'>uo,</span> <span class='ocrx_word' id='word_1_264' title='bbox 1172 4464 1187 4501; x_wconf 82' lang='lat' dir='ltr'>e</span> <span class='ocrx_word' id='word_1_265' title='bbox 1203 4451 1234 4502; x_wconf 87' lang='lat' dir='ltr'>E.</span> <span class='ocrx_word' id='word_1_266' title='bbox 1250 4466 1322 4503; x_wconf 86' lang='lat' dir='ltr'>cum.</span> 
     </span>
     <span class='ocr_line' id='line_1_35' title="bbox 493 4521 1533 4593; baseline 0.002 -20"><span class='ocrx_word' id='word_1_267' title='bbox 493 4521 519 4583; x_wconf 74' lang='grc' dir='ltr'>ι’)</span> <span class='ocrx_word' id='word_1_268' title='bbox 537 4527 591 4585; x_wconf 77' lang='lat' dir='ltr'>ltu,</span> <span class='ocrx_word' id='word_1_269' title='bbox 607 4524 652 4574; x_wconf 82' lang='lat' dir='ltr'>ubi</span> <span class='ocrx_word' id='word_1_270' title='bbox 667 4539 695 4577; x_wconf 85' lang='lat' dir='ltr'>se</span> <span class='ocrx_word' id='word_1_271' title='bbox 711 4527 849 4579; x_wconf 79' lang='lat' dir='ltr'>reduxerat</span> <span class='ocrx_word' id='word_1_272' title='bbox 863 4532 891 4577; x_wconf 87' lang='lat' dir='ltr'>et</span> <span class='ocrx_word' id='word_1_273' title='bbox 905 4526 1026 4593; x_wconf 77' lang='lat' dir='ltr'>privatim</span> <span class='ocrx_word' id='word_1_274' title='bbox 1042 4527 1171 4589; x_wconf 70' lang='lat' dir='ltr'>potuitne</span> <span class='ocrx_word' id='word_1_275' title='bbox 1187 4527 1214 4577; x_wconf 90' lang='lat' dir='ltr'>in</span> <span class='ocrx_word' id='word_1_276' title='bbox 1230 4541 1299 4579; x_wconf 79' lang='lat' dir='ltr'>aree.</span> <span class='ocrx_word' id='word_1_277' title='bbox 1386 4525 1412 4587; x_wconf 82' lang='lat'>(¹)</span> <span class='ocrx_word' id='word_1_278' title='bbox 1428 4526 1453 4576; x_wconf 88' lang='lat' dir='ltr'>S.</span> <span class='ocrx_word' id='word_1_279' title='bbox 1470 4525 1533 4575; x_wconf 82' lang='lat' dir='ltr'>illie.</span> 
     </span>
    </p>
   </div>
   <div class='ocr_carea' id='block_1_7' title="bbox 0 0 1870 5566">
    <p class='ocr_par' dir='ltr' id='par_1_7' title="bbox 0 0 1870 5566">
     <span class='ocr_line' id='line_1_36' title="bbox 0 0 1870 5566; baseline 0 0"><span class='ocrx_word' id='word_1_280' title='bbox 0 0 1870 5566; x_wconf 95' lang='lat' dir='ltr'> </span> 
     </span>
    </p>
   </div>
  </div>
 </body>
</html>
