3720 5566
427 436 473 502 38
820 444 1023 497 domnorum
1048 443 1198 496 rursum

422 593 460 664 di
474 611 524 680 se,
544 588 680 663 scilicet
698 587 780 682 quis
801 595 867 682 est,
886 609 904 659 e
921 590 964 660 de
985 590 1063 660 suoi
1078 589 1172 676 torti,
1194 584 1286 658 idest
1303 584 1349 658 de
1370 585 1446 659 suis
1463 605 1598 680 pecca·

424 709 479 803 tis,
497 730 534 781 se
560 715 595 781 tu
621 709 702 780 vuol
725 709 824 779 clt’io
850 710 994 799 tiporti
1019 696 1055 779 ld
1079 700 1151 796 yid,
1173 704 1309 780 scilicet
1328 725 1376 778 ex
1402 704 1469 779 isto
1486 713 1602 801 ponte

335 880 337 883 ψ
422 830 496 902 alto
528 827 574 902 ad
604 827 703 900 illam
735 826 867 900 vallem
900 826 1058 919 bassam,
1085 845 1154 916 pcr
1183 826 1297 916 quella
1329 827 1412 915 ripa
1445 827 1505 897 cde
1535 821 1600 918 ptd

423 953 534 1040 piace,
560 947 651 1021 idest
675 966 741 1041 per
768 966 880 1040 quam
907 951 963 1018 est
988 944 1118 1018 melior
1140 943 1210 1038 via,
1227 944 1315 1037 quia
1335 944 1470 1018 scilicet
1495 951 1597 1019 costa

425 1090 498 1143 non
523 1074 578 1142 est
603 1067 653 1141 ita
680 1086 810 1161 repens
840 1066 898 1140 rel
928 1065 1053 1161 rigida.
1081 1065 1124 1138 Et
1149 1070 1258 1138 autor
1283 1065 1478 1138 committit
1493 1057 1530 1157 (⁴)
1556 1086 1599 1140 se

425 1187 603 1263 voluntati
628 1186 778 1282 Virgilii,
803 1185 949 1259 dicens:
976 1191 1009 1258 et
1031 1188 1078 1278 io,
1105 1185 1232 1279 supple
1257 1184 1353 1257 dixi:
1381 1191 1477 1258 tauto
1502 1189 1547 1257 m’
1560 1179 1600 1258 e'e

425 1310 525 1398 bello,
560 1306 652 1380 idest
687 1312 831 1379 tantum
871 1306 1015 1380 videtur
1047 1304 1135 1378 mibi
1167 1305 1338 1399 pulcrum
1371 1310 1409 1378 et
1444 1304 1598 1399 bonum,

426 1433 556 1519 quomo
586 1446 611 1498 o
640 1432 670 1497 te
697 1428 817 1518 piore5
842 1431 879 1499 et
910 1444 997 1498 ecce
1029 1443 1159 1517 quare,
1185 1424 1282 1517 quia,
1309 1429 1344 1496 tu
1375 1427 1424 1495 sie
1452 1426 1595 1515 sepnor,

426 1545 508 1619 ideo
528 1544 638 1617 debes
655 1544 864 1638 praecipere,
883 1564 956 1616 non
977 1548 1104 1638 petere
1130 1542 1158 1616 si
1185 1543 1280 1636 volo,
1298 1565 1316 1615 e
1332 1546 1388 1615 sat
1409 1546 1459 1615 rt'
1472 1547 1507 1616 lo
1524 1564 1598 1616 nort

313 1667 314 1670 '
427 1666 475 1736 mi
496 1670 602 1756 parto
627 1665 770 1735 dalton
796 1665 905 1753 celer,
930 1662 1017 1756 quia
1041 1664 1211 1739 voluntas
1236 1683 1320 1737 mea
1345 1663 1524 1758 dependet
1549 1684 1596 1738 en

427 1791 503 1877 tua,
528 1784 614 1875 imo,
641 1782 739 1876 quod
764 1784 845 1877 plus
870 1786 1046 1876 astacon·
1070 1786 1224 1876 quelche
1239 1785 1271 1855 si
1287 1792 1373 1874 tace,
1395 1783 1485 1857 idest
1503 1783 1596 1856 nosti

426 1903 535 1977 etiam
562 1901 798 1976 intentionem
825 1922 949 1976 meam
976 1922 1036 1976 me
1061 1909 1217 1978 tacente.
1245 1903 1288 1976 Et
1313 1904 1364 1977 sic
1390 1904 1472 1978 ride
1497 1902 1595 1998 quod

425 2023 597 2117 Virgilius
612 2013 648 2113 (²)
675 2041 749 2093 non
775 2021 968 2115 respondet
994 2021 1071 2116 sibi,
1098 2022 1165 2096 iste
1190 2028 1244 2096 est
1272 2022 1369 2116 talis3
1396 2024 1460 2097 sed
1488 2023 1598 2098 offert

425 2148 575 2237 portare
591 2141 709 2235 ipsum
737 2140 783 2213 ad
808 2140 962 2213 lundum
984 2141 1097 2236 vallis,
1116 2142 1201 2235 quia
1222 2142 1277 2216 isti
1295 2141 1483 2217 simoniaci
1500 2149 1597 2216 stant

427 2261 556 2335 inclusi
581 2268 617 2334 et
642 2259 841 2334 absconditi
867 2260 936 2333 sub
962 2265 1073 2354 terra,
1100 2261 1150 2335 ita
1176 2262 1274 2354 quod
1299 2268 1406 2335 autor
1432 2282 1504 2334 non
1530 2281 1598 2356 po-

427 2386 522 2454 terat
547 2378 671 2453 videre
696 2379 776 2452 illos
800 2379 846 2452 de
871 2385 992 2473 ponte,
1018 2380 1113 2453 sicut
1134 2380 1275 2454 viderat
1299 2381 1389 2455 alios
1415 2380 1461 2454 de
1486 2401 1598 2476 supe-

426 2499 584 2573 rioribus
610 2498 752 2594 bulgiiS,
770 2518 838 2571 nec
863 2504 1006 2592 poterat
1030 2498 1131 2593 loqui
1157 2499 1207 2572 illi
1220 2490 1270 2593 (³),
1290 2520 1357 2575 nec
1382 2502 1594 2595 loquentem

425 2619 571 2713 audire3
597 2618 679 2692 ideo
704 2618 734 2691 si
760 2618 905 2692 volebat
921 2617 967 2693 de
988 2638 1032 2693 eo
1054 2619 1158 2711 scire,
1177 2620 1368 2713 oportebat
1389 2622 1599 2695 necessario

425 2738 525 2831 quod
550 2737 719 2832 Virgilius
745 2743 908 2831 portaret
933 2757 1020 2811 eum
1042 2758 1156 2833 prope
1174 2738 1290 2832 illum,
1308 2740 1394 2833 quia
1412 2740 1487 2835 ipse
1507 2761 1594 2815 cum
1677 2731 1679 2734 ’

425 2875 581 2949 corpore
605 2876 678 2929 non
703 2862 846 2949 poterat
871 2856 926 2930 ire
951 2877 1016 2951 per
1035 2857 1152 2952 ripam
1175 2859 1341 2934 arduam.
1361 2861 1405 2933 Et
1425 2861 1598 2935 describit

425 2975 578 3048 modum
597 2994 675 3047 suae
692 2976 1016 3070 transportationis,
1035 2977 1173 3052 dicens:
1192 2983 1272 3052 ator
1290 2984 1424 3053 omtmo
1444 3003 1484 3053 su
1502 2984 1599 3054 tar·

424 3098 504 3186 pirre
533 3102 673 3185 quarto,
704 3093 837 3167 scibcet
867 3094 913 3168 ad
947 3094 1058 3169 linem
1090 3097 1208 3192 pontis
1238 3098 1374 3194 bulgiae
1408 3101 1525 3175 tertiae
1558 3102 1595 3174 in

426 3235 500 3308 quo
530 3219 646 3307 erant,
677 3213 740 3306 qui
773 3214 990 3287 terminatur
1005 3204 1042 3308 (⁸)
1064 3216 1110 3290 ad
1135 3238 1311 3313 aggerem
1338 3228 1528 3315 quartum,
1558 3228 1599 3296 et

425 3331 693 3406 descenderunt
717 3352 783 3426 per
810 3332 927 3427 ripam
954 3333 1166 3410 interiorem
1188 3337 1348 3411 inferius.
1371 3341 1474 3415 Unde
1491 3341 1595 3415 dicit:

426 3456 617 3544 volpemmo
641 3473 660 3523 e
684 3453 936 3526 dt'sccrcdemmo
970 3475 994 3525 a
1023 3474 1129 3527 muno
1158 3463 1294 3547 suma,
1320 3457 1411 3532 idest
1436 3459 1483 3533 ad
1508 3460 1601 3533 sini-

425 3578 552 3664 stram,
578 3560 614 3644 ld
638 3567 697 3661 ptd
721 3575 779 3644 uel
801 3575 913 3666 fondo
939 3576 1157 3666 fordredicto
1186 3585 1220 3650 et
1246 3585 1341 3669 arto,
1367 3579 1459 3654 idest
1488 3582 1596 3675 pleno

425 3690 664 3765 foraminibus
689 3692 808 3785 arctis,
836 3699 876 3764 ut
897 3694 975 3787 jam
1001 3693 1138 3769 dictum
1171 3703 1235 3770 est.
1263 3697 1307 3770 Et
1337 3699 1458 3772 subdit
1486 3708 1601 3775 autor

424 3810 523 3905 quod
548 3812 719 3907 Virgilius
744 3833 934 3906 nunquam
965 3815 1086 3907 posuit
1120 3835 1206 3890 eum
1237 3819 1283 3892 ad
1314 3825 1453 3895 terram
1479 3821 1598 3895 donec

306 3995 307 3998 γ
423 3937 672 4025 pervenerunt
697 3930 743 4003 ad
769 3931 883 4003 illum.
910 3931 1012 4006 Unde
1037 3933 1144 4008 dicit:
1171 3940 1221 4008 Lo
1247 3938 1315 4010 boo
1342 3943 1598 4012 Maroboduo

425 4054 473 4123 mi
496 4053 616 4141 diposc
642 4070 754 4122 ducor
779 4053 822 4122 dc
847 4055 883 4124 la
907 4072 972 4124 sua
998 4074 1102 4144 auca,
1120 4054 1210 4129 idest
1232 4056 1278 4132 de
1293 4080 1362 4133 suo
1383 4061 1541 4134 bumero
1558 4061 1596 4133 in

499 4306 506 4333 Ι

485 4308 517 4444 ((Ἲ)
531 4306 596 4441 fide
597 4310 717 4436 ῗῖἴῑθη
725 4386 847 4452 Virgilius
862 4391 902 4439 est
917 4389 983 4440 ratio
1000 4389 1101 4453 Dantis3
1118 4396 1145 4441 et
1161 4391 1204 4441 bic
1219 4397 1280 4443 nota
1296 4394 1366 4457 quod
1382 4398 1460 4444 antor
1475 4393 1518 4444 blo
1534 4392 1601 4443 lacit

423 4461 568 4510 necessario
584 4460 660 4511 istam
675 4462 816 4527 fictionem,
832 4466 932 4517 scilicet
948 4468 1018 4531 qnod
1035 4467 1158 4532 Vlrglllns
1174 4482 1226 4519 non
1243 4471 1389 4534 respondet.

486 4533 514 4595 (¹)
530 4534 560 4583 Ε.
577 4534 635 4586 illia
1100 4543 1127 4609 (⁸)
1143 4544 1168 4594 s.
1185 4558 1201 4595 e
1217 4545 1248 4595 E.
1266 4547 1448 4597 terminantur.
