3720 5566
617 523 755 578 CANTUS
781 522 937 577 DECIMUS
962 523 1091 578 NONUS.
1384 517 1430 583 45

260 689 359 763 nam,
377 668 472 743 sicut
497 687 626 742 omnes
650 666 721 742 alii.
748 668 793 740 Et
817 667 899 741 vide
924 666 1022 761 quod
1049 669 1218 764 Virgilius
1235 672 1314 744 vuit
1332 673 1431 766 quod

258 797 369 864 autor
393 787 610 883 respondeat
636 787 694 862 bic
719 787 757 860 in
781 808 826 863 ea
844 788 963 862 forma
980 809 1054 881 qua
1071 787 1131 862 iiie
1148 790 1295 884 spiritus
1320 792 1432 866 inter-

259 917 455 1007 rogaverat
470 902 521 1002 (¹),
556 907 641 1002 quia
675 907 735 981 ilie
769 928 816 982 ex
848 907 1089 982 admiratione
1122 910 1343 1003 repetiverat
1376 911 1430 985 bis
1472 955 1476 962 -

259 1032 354 1106 idem
372 1031 529 1123 dictum3
548 1027 650 1102 etita
677 1047 775 1101 nunc
800 1035 909 1101 autor
927 1027 1091 1100 similiter
1116 1048 1163 1102 en
1188 1029 1430 1105 admiratione

260 1151 390 1246 repetit
406 1150 504 1224 idem
522 1147 672 1240 dictum,
696 1147 782 1241 quia
808 1148 914 1221 nimis
941 1147 1133 1222 videbatur
1157 1149 1224 1223 sibi
1250 1150 1429 1244 mirabile,

260 1270 358 1364 quod
375 1270 435 1344 ille
451 1269 699 1362 interrogatus
717 1266 799 1360 quis
813 1274 944 1341 esseta
964 1267 1091 1364 Dante,
1111 1270 1370 1364 responderet:
1390 1290 1429 1344 es

261 1396 300 1464 tu
313 1391 392 1486 jam
410 1389 480 1483 hic,
498 1408 538 1462 es
555 1394 596 1461 tu
609 1387 687 1481 jam
705 1387 774 1481 bic,
792 1388 977 1461 Boniiaci‘t
994 1388 1037 1461 Et
1062 1389 1162 1483 ponit
1186 1391 1428 1468 obedientiam

259 1530 379 1603 suam,
404 1508 548 1581 dicens:
575 1513 609 1579 et
630 1510 665 1579 to
690 1509 818 1597 risposi
846 1528 943 1579 come
967 1528 991 1579 a
1016 1513 1131 1602 orosa
1156 1513 1316 1605 impasto,
1342 1510 1429 1605 quia

258 1628 334 1702 dixi
360 1627 459 1720 quod
484 1648 555 1700 non
580 1646 687 1700 eram
715 1625 931 1719 Bonifatius,
956 1632 993 1700 et
1026 1628 1123 1721 quod
1153 1630 1357 1704 Bonifatius
1383 1629 1429 1704 de

260 1747 314 1822 rei
340 1746 493 1821 veritate
517 1767 589 1819 non
615 1753 695 1822 erat
720 1747 840 1820 adbuc
866 1746 978 1820 satius
998 1747 1082 1820 aeris
1095 1738 1145 1840 ι’),
1167 1749 1230 1822 sed
1255 1749 1428 1823 continuo

256 1868 339 1962 plus
357 1872 395 1941 et
411 1867 493 1960 pius
508 1866 776 1941 accumulabat.
794 1867 838 1939 Et
852 1866 981 1940 ultimo
997 1867 1098 1961 ponit
1115 1867 1287 1941 effectum
1305 1874 1428 1942 osten-

258 1985 348 2060 dens
371 1984 656 2080 indignationem
683 1991 720 2060 et
745 1985 1019 2080 responsionem
1045 1985 1152 2081 iliius,
1178 1985 1319 2060 dicens:
1340 2008 1428 2079 per-

260 2102 321 2179 cbe‘
343 2109 377 2178 to
400 2108 525 2198 spirito
550 2112 642 2178 torre
667 2108 741 2178 tratti
763 2108 777 2177 i
796 2107 912 2197 ptedi3
938 2104 975 2178 in
1001 2105 1146 2201 signnm
1173 2106 1237 2179 irae
1263 2114 1299 2180 et
1324 2107 1428 2182 doio-

257 2226 316 2298 ris.
344 2225 466 2300 Doluit
492 2225 589 2301 enim
617 2225 716 2319 quod
741 2225 807 2299 iste
833 2246 906 2299 non
932 2230 1028 2299 esset
1047 2225 1262 2320 Boniiacius,
1281 2229 1367 2335 quia
1389 2228 1426 2302 in

257 2344 416 2421 adventu
443 2343 523 2418 eius
540 2350 620 2418 erat
639 2344 904 2439 cooperiendus
923 2343 1044 2438 abeo,
1062 2346 1241 2419 utstatim
1262 2347 1424 2442 dicetur3

258 2465 338 2540 ideo
364 2464 473 2540 dicit:
495 2468 560 2557 poi
588 2468 636 2537 mi
669 2467 759 2538 desse
789 2466 1000 2557 suspirando
1030 2486 1096 2537 con
1122 2487 1203 2538 ooce
1227 2469 1265 2539 dt
1282 2470 1426 2559 mcum:

257 2589 405 2676 nanque
429 2587 489 2657 cita
520 2606 543 2656 o
573 2605 627 2657 otc
656 2586 825 2657 ricbiedi?
857 2583 960 2677 quasi
986 2583 1099 2656 dicat:
1126 2604 1243 2676 quare
1267 2586 1358 2677 petis
1386 2594 1426 2659 ut

256 2703 387 2797 loquar
396 2707 418 2795 ‘t
437 2702 525 2796 quid
551 2723 621 2797 ego
646 2702 765 2776 babeo
783 2701 904 2776 iacere
921 2708 1057 2795 tecum,
1075 2723 1161 2776 cum
1180 2723 1252 2776 non
1270 2703 1425 2777 habeam

257 2821 379 2896 iacere
396 2822 462 2895 nisi
488 2842 574 2896 cum
594 2821 823 2896 simoniacis?
840 2821 970 2897 venisti
991 2828 1030 2894 tu
1050 2821 1144 2895 forte
1160 2820 1207 2895 ad
1227 2822 1422 2917 petendum

256 2940 414 3035 primam
440 2946 633 3016 vacantem
648 2944 664 3011 t
677 2930 715 3031 (³)

330 3066 373 3136 Se
402 3062 440 3134 di
469 3081 585 3153 saper.
618 3059 690 3132 lsta
722 3064 775 3132 est
805 3059 912 3133 tertia
941 3079 1025 3152 pars
1055 3061 1248 3155 generalis,
1281 3061 1318 3133 in
1352 3083 1425 3156 qua

255 3182 372 3257 dictus
397 3180 544 3277 spiritus
569 3177 738 3253 describit
755 3197 796 3252 se
812 3184 850 3252 et
865 3178 954 3252 alios
975 3178 1190 3253 simoniacos
1215 3180 1426 3275 praeceden-

257 3309 312 3377 tes
337 3307 376 3376 et
400 3305 595 3394 sequentes
620 3318 718 3372 eum.
745 3297 789 3370 Et
814 3296 933 3391 primo
950 3296 1170 3371 continuans
1194 3318 1234 3372 se
1258 3299 1304 3372 ad
1329 3320 1426 3394 prae-

257 3419 422 3495 cedentia
436 3417 628 3514 respondet
644 3417 691 3491 ad
709 3416 744 3489 id
762 3416 860 3509 quod
880 3422 991 3489 autor
1007 3436 1119 3511 supra
1136 3416 1244 3491 tacite
1263 3418 1422 3512 petebat,

256 3539 403 3633 quando
426 3537 538 3612 dixit:
564 3558 601 3609 se
622 3539 718 3629 pooi,
733 3537 786 3629 [α’
800 3542 927 3627 motto;
950 3535 1096 3609 volebat
1116 3535 1213 3609 enim
1235 3536 1364 3610 audire
1388 3543 1425 3610 et

255 3660 349 3735 scire
373 3659 455 3753 quis
479 3663 598 3750 esset3
625 3663 662 3732 et
688 3654 1008 3751 respondet,'quod
1033 3654 1100 3727 init
1124 3675 1229 3749 papa,
1252 3655 1302 3729 ita
1326 3653 1424 3749 quod

254 3778 425 3854 describit
449 3799 489 3853 se
513 3799 537 3852 a
562 3797 709 3851 summa
733 3775 917 3871 dignitate,
943 3774 1088 3848 dicens:
1115 3777 1226 3866 Sappt
1252 3777 1351 3847 ct'io
1372 3776 1426 3868 sni

255 3902 372 3972 vestito
396 3899 453 3971 det
467 3918 564 3988 prun
579 3902 711 3987 manto,
730 3894 821 3968 idest
837 3893 1011 3967 mantello
1027 3880 1063 3984 (⁴)
1082 3893 1191 3988 Petri,
1209 3915 1284 3988 quo
1301 3894 1425 3967 nullus

255 4026 310 4093 ert
334 4020 453 4115 major
477 4017 555 4091 sive
579 4015 774 4110 imperialis
804 4014 881 4089 sive
906 4014 1050 4110 regalis,
1076 4013 1171 4088 inter
1196 4014 1422 4105 christianos,

252 4160 290 4212 se
312 4146 342 4212 tc
367 4141 425 4211 cot
448 4141 586 4209 colunto
606 4136 644 4206 dt
658 4155 764 4226 saper
781 4135 831 4206 cb'
844 4137 879 4205 to
895 4137 964 4223 sia,
986 4133 1087 4227 idest,
1104 4134 1134 4206 si
1157 4141 1196 4207 tu
1214 4132 1327 4206 babes
1344 4136 1425 4203 tan·

253 4267 329 4334 tam
354 4256 585 4331 affectionem
612 4253 852 4350 cognoscendi
871 4272 942 4346 me,
960 4254 1019 4324 cte
1036 4260 1072 4325 tu
1093 4253 1173 4323 abbi
1185 4243 1274 4342 perd
1291 4254 1326 4323 ta
1342 4251 1425 4341 ripa

253 4397 373 4467 corsa,
398 4376 501 4469 idest,
522 4376 552 4447 si
578 4374 626 4448 ob
651 4375 746 4447 hanc
771 4392 920 4447 causam
939 4370 1164 4464 assumpsisti
1191 4369 1252 4442 tibi
1280 4378 1422 4446 tantum

315 4563 342 4626 ι’)
358 4564 383 4615 S.
399 4565 583 4629 interrogabat.
708 4559 735 4621 (¹)
752 4564 806 4621 tto,
823 4573 884 4611 rere.
1016 4557 1042 4621 Γ)
1060 4562 1113 4618 tto,
1130 4557 1310 4609 vacationem?

316 4639 344 4705 (⁸)
360 4640 392 4691 E.
407 4641 533 4691 mantello
549 4640 616 4691 beati
631 4639 702 4690 Petri
718 4637 835 4702 apostoli,
852 4650 905 4701 qno
920 4640 1009 4687 manto
1025 4635 1114 4686 nutius
1128 4639 1176 4686 est.
