3720 5566
589 487 727 542 caurus
751 484 908 540 oucrnus
932 484 1101 541 ocrcvus.
1388 474 1431 542 21

263 633 325 727 qui
351 633 531 729 regnabat
556 631 593 705 in
618 631 737 705 insula
762 629 861 705 Chio.
888 631 1031 725 lsiphile
1056 651 1147 728 ergo
1173 631 1315 728 lugiens
1341 632 1433 707 iram

263 753 499 827 loeminarum
516 743 552 843 (¹)
580 751 799 824 luriatarum
827 751 975 827 recessit
999 752 1146 846 furtive,
1164 759 1201 827 et
1222 754 1348 828 volens
1373 773 1437 828 ac-

263 874 393 948 cedere
418 872 465 947 ad
497 878 640 967 patrem
676 878 781 965 capta
811 878 866 945 est
899 892 922 945 a
951 872 1075 966 piralis
1090 863 1126 963 (²)
1163 878 1200 946 et
1230 879 1373 967 portata
1399 873 1437 946 in

264 1000 380 1068 terras
404 990 610 1084 Thessaliae,
632 990 679 1064 de
697 990 803 1064 cuius
830 990 983 1064 mirabili
1005 991 1152 1065 lortuna
1168 992 1311 1066 dicetur
1327 994 1434 1086 plene

266 1112 469 1209 Purgatorn
500 1110 659 1205 capitulo
684 1111 807 1184 XXVI.
839 1111 943 1183 Nunc
972 1111 1019 1185 ad
1048 1110 1192 1185 literam
1218 1111 1310 1205 dico,
1338 1111 1436 1205 quod

267 1241 375 1307 autor
391 1233 506 1329 tangit
524 1231 722 1327 malignam
741 1231 1038 1327 ingratitudinem
1054 1232 1194 1306 lasonis
1206 1240 1335 1307 contra
1353 1255 1437 1307 mu·

267 1353 390 1427 lierem
417 1353 514 1426 bene
539 1351 585 1425 de
611 1370 650 1424 se
676 1350 858 1444 meritam,
879 1351 1022 1425 dicens:
1040 1354 1109 1443 elli,
1127 1352 1217 1427 idest
1238 1353 1297 1428 ille
1314 1354 1436 1448 lason,

263 1467 370 1565 passo
390 1494 458 1564 per
483 1475 506 1545 l’
518 1474 608 1544 isola
632 1472 670 1543 di
694 1475 825 1563 muno,
850 1471 940 1544 dum
959 1471 1028 1545 iret
1044 1473 1091 1546 ad
1107 1464 1143 1564 (³)
1169 1474 1433 1567 acquirendum

267 1592 398 1687 pellem
425 1592 642 1685 inauratam,
669 1598 711 1665 ut
735 1591 820 1665 dicit
845 1591 994 1686 Tulliae,
1010 1595 1145 1684 poiche
1170 1597 1201 1666 le
1222 1599 1349 1689 semine
1371 1617 1437 1668 ur-

268 1716 346 1806 die,
376 1716 526 1805 sptetute,
551 1713 625 1786 imo
652 1711 891 1805 daemoniatae,
918 1712 1099 1808 spiritate,
1125 1716 1240 1787 deuito
1273 1737 1298 1788 a
1327 1726 1438 1790 morte

267 1836 341 1907 tntu
364 1836 391 1905 li
415 1835 545 1905 mccclii
568 1835 646 1905 loro
670 1854 689 1904 e
713 1824 871 1923 tupnnnd
894 1835 954 1924 iot,
980 1833 1113 1907 scilicet
1139 1835 1174 1906 in
1199 1836 1294 1910 dicta
1319 1837 1437 1913 insula

268 1953 377 2048 impie
401 1958 439 2026 et
464 1953 617 2048 ingrate,
644 1953 748 2044 lcifile
773 1954 809 2024 la
834 1955 1027 2043 moventia
1052 1974 1117 2026 con
1142 1959 1240 2045 sepul
1256 1977 1275 2027 c
1290 1977 1356 2028 con
1370 1979 1439 2049 pn-

269 2078 344 2148 rolc
360 2081 498 2165 ornum,
515 2072 709 2147 ostendens
726 2072 775 2145 illi
793 2071 895 2168 signa
912 2072 1111 2147 dilectionis
1137 2081 1174 2148 et
1199 2076 1335 2150 amoris
1352 2098 1437 2151 cum

269 2195 390 2268 verbis
407 2193 548 2267 blandis
565 2192 745 2287 coloratis,
763 2192 849 2286 quia
867 2193 935 2266 luit
951 2192 1103 2268 allabilis
1122 2197 1293 2291 multum,
1310 2200 1439 2292 quales

270 2321 354 2388 sunt
382 2313 630 2388 communiter
661 2312 783 2408 graeci,
814 2314 874 2385 cte
899 2315 986 2405 prio
1018 2335 1106 2386 aceo
1138 2319 1328 2407 inponente
1361 2326 1440 2393 tutte

270 2438 405 2525 laide,
431 2433 566 2508 scilicet
597 2431 784 2507 liberando
813 2438 955 2525 patrem
986 2455 1107 2507 suum.
1137 2435 1179 2508 Et
1208 2446 1385 2533 aggravat
1401 2429 1436 2532 (⁴)

270 2556 442 2630 delictum
469 2575 579 2627 suum
604 2552 751 2627 dicens:
778 2555 922 2649 tassello
951 2557 1045 2644 quin
1071 2559 1226 2645 procido
1256 2579 1274 2628 e
1304 2562 1439 2650 sokun,

270 2676 347 2750 sine
372 2680 478 2770 patre
503 2673 561 2747 vel
586 2672 710 2767 fratre,
738 2673 797 2746 vel
826 2673 897 2747 alio
929 2679 1052 2748 tutore
1078 2674 1250 2771 legitimo,
1277 2678 1438 2753 odiosam

271 2795 440 2869 omnibus
466 2792 622 2867 ioeminis
647 2792 732 2887 suis,
751 2800 788 2867 et
813 2793 913 2868 ideo:
936 2796 987 2866 tul
1001 2795 1115 2886 copia,
1136 2793 1269 2870 scilicet
1291 2803 1366 2871 tam
1384 2798 1440 2872 vi·

272 2915 325 3009 lis,
350 2917 538 2987 cmtdonno
562 2915 611 2986 lni
635 2917 727 2985 atat
741 2919 904 3005 martiro,
922 2914 1057 2991 scilicet
1075 2914 1122 2987 ad
1143 2925 1217 2991 tam
1235 2917 1344 2991 vilem
1363 2940 1441 3014 poe-

272 3056 376 3128 nam,
402 3041 440 3108 et
464 3032 562 3105 addit
583 3031 770 3127 Virgilius:
789 3040 822 3105 ct
841 3054 930 3105 cccco
950 3035 988 3106 dc'
1004 3037 1127 3107 Medea
1151 3038 1183 3107 si
1203 3041 1245 3130 [a
1272 3042 1440 3131 vendolio,

271 3153 375 3248 quasi
400 3153 513 3226 dicat:
531 3172 605 3225 non
621 3152 740 3224 solum
758 3173 825 3247 pro
842 3152 984 3246 lsiphile
1001 3153 1052 3227 sic
1070 3155 1232 3250 punitur,
1250 3157 1441 3232 sedetiam

272 3294 338 3369 pro
364 3271 499 3364 lledea,
525 3291 637 3364 quam
664 3270 829 3346 similiter
855 3272 997 3367 ingrate
1011 3263 1047 3364 (⁶)
1067 3274 1232 3368 prodidit.
1252 3278 1294 3349 Et
1314 3278 1359 3351 ad
1386 3279 1443 3351 in-

274 3391 509 3488 telligentiam
536 3390 645 3463 huius
670 3391 784 3464 literae
801 3391 885 3465 volo
911 3398 948 3465 te
973 3392 1067 3467 bene
1085 3401 1214 3469 notare
1231 3397 1330 3490 quod
1347 3397 1442 3471 istud

275 3512 343 3586 luit
360 3532 489 3585 verum
509 3511 677 3585 historice
695 3511 888 3606 loquendo,
907 3513 1006 3605 quod
1023 3534 1158 3609 magna
1175 3516 1331 3591 vindicta
1349 3518 1441 3593 iacta

275 3632 342 3705 luit
366 3632 413 3705 de
438 3631 568 3704 Iasone
594 3631 631 3703 in
656 3630 729 3704 vita
738 3655 748 3724 ;
775 3630 862 3725 quia
888 3631 917 3703 si
944 3632 1051 3705 lason
1069 3634 1265 3709 crudeliter
1287 3638 1444 3731 prodidit

275 3751 451 3844 Medeam,
478 3750 552 3845 ipsa
578 3749 762 3823 crudelius
778 3738 814 3840 (⁶)
841 3749 1020 3825 interiecit
1045 3752 1111 3825 sibi
1138 3753 1239 3848 lilios,
1257 3762 1294 3830 et
1319 3766 1443 3853 postea

275 3870 524 3945 crudelissime
549 3870 760 3943 interfectus
785 3877 841 3944 est
873 3892 896 3945 a
928 3872 1012 3945 suis.
1040 3873 1235 3949 Sciendum
1262 3884 1317 3951 est
1342 3900 1445 3976 ergo,

277 3990 373 4083 quod
398 3991 507 4064 lason
532 3989 648 4063 victor
673 3990 777 4064 aurei
803 3991 947 4065 velleris
965 4013 1136 4068 reversus
1153 4016 1238 4069 cum
1257 3999 1383 4073 Medea
1410 4000 1446 4073 in

277 4111 443 4205 patriam,
454 4109 552 4182 illam
566 4109 704 4203 expulit
716 4110 764 4184 ob
777 4131 943 4186 amorem
958 4114 1124 4208 alterius,
1139 4116 1202 4189 sed
1219 4117 1296 4210 ipse
1309 4124 1446 4213 postea,

276 4232 450 4325 expulsus
467 4229 514 4303 de
531 4249 645 4324 regno
671 4250 694 4303 a
719 4230 793 4303 suis
815 4234 1093 4328 consanguineis
1111 4235 1191 4308 liliis
1212 4236 1310 4331 regis
1328 4237 1447 4332 Peliae,

337 4457 365 4517 (¹)
381 4455 412 4505 Ε.
429 4455 596 4508 seminarum
612 4461 726 4511 recessit.
853 4458 881 4524 (¹)
898 4461 929 4511 E.
945 4475 960 4511 a
976 4463 1065 4525 piratis
1083 4464 1229 4521 Thessaliae.
1247 4464 1278 4514 de
1296 4464 1378 4514 culus.

339 4529 365 4593 (Ἴ
382 4532 412 4581 Ε.
428 4533 460 4583 ad
476 4535 652 4598 acclpleudum
670 4538 764 4600 pellem
781 4544 907 4599 aurulam,
924 4539 994 4589 dicit.
1180 4540 1206 4604 (¹)
1222 4541 1248 4591 S.
1264 4556 1414 4606 aggravans.

340 4607 367 4669 (⁸)
383 4608 413 4658 ll.
431 4609 468 4660 sic
483 4609 592 4675 ingrate.
853 4614 879 4675 (⁸)
896 4616 927 4666 E.
944 4616 1085 4669 crudeliter
1101 4618 1231 4669 interiecit
1247 4618 1313 4671 illios
1329 4633 1398 4670 suos.
