3720 5566
413 482 434 545 2
812 486 1017 543 conaturum
1043 490 1195 543 russam

411 641 450 709 et
479 635 618 709 ultima·
643 631 813 708 describit
843 632 880 706 in
913 632 1077 729 generali
1111 639 1149 707 et
1180 632 1325 728 speciali
1359 633 1468 707 aliam
1505 653 1588 728 spe-

410 756 505 830 ciem
538 754 688 849 fraudis,
719 753 854 828 scilicet
877 753 1139 849 adulationem,
1169 774 1254 848 quae
1283 754 1435 849 punitur
1461 754 1498 828 in
1529 776 1589 830 se-

409 875 530 950 cunda
555 875 661 968 valle,
687 874 754 948 ibi:
785 864 852 947 aad
876 894 1032 948 mevam.
1059 874 1113 948 Ad
1138 874 1296 971 primam
1321 875 1402 950 dico
1416 868 1467 970 (⁴),
1488 877 1588 971 quod

409 1005 518 1071 autor
543 995 663 1090 primo
694 993 864 1068 describit
888 994 1070 1067 circulum
1096 994 1308 1091 generalem
1334 994 1588 1072 fraudulento-

411 1135 629 1209 numquam
643 1112 831 1210 distinguit
843 1113 880 1186 in
893 1113 1021 1188 decern
1036 1114 1149 1189 valles
1162 1115 1349 1210 speciales3
1364 1116 1483 1212 primo
1497 1137 1588 1213 ergo

411 1236 628 1311 continuans
643 1226 680 1327 (²)
707 1234 803 1308 dicta
827 1234 999 1329 dicendis,
1018 1236 1105 1329 quia
1121 1235 1265 1310 dixerat
1285 1236 1322 1309 in
1343 1235 1416 1310 fine
1440 1236 1588 1333 capituli

410 1356 648 1452 precedentis
675 1354 775 1449 quod
800 1362 1046 1449 pervenerant
1054 1345 1090 1447 (³)
1109 1355 1156 1429 ad
1172 1376 1298 1430 arcem
1316 1356 1516 1451 ruinosam,
1533 1356 1589 1429 di-

411 1478 477 1552 cit:
504 1482 595 1550 Loco
620 1472 657 1550 da
680 1479 718 1548 ia
743 1478 888 1569 [resono
913 1477 1005 1548 detto
1029 1476 1244 1567 Malebotpte.
1263 1477 1306 1550 Et
1323 1477 1374 1551 sic
1392 1476 1475 1552 vide
1492 1497 1588 1571 quo-

411 1597 522 1672 modo
538 1595 708 1671 describit
725 1596 845 1691 primo
859 1583 897 1687 (⁴)
915 1595 1038 1670 locum
1056 1617 1079 1670 a
1097 1596 1246 1671 nomine
1263 1618 1372 1692 novo,
1389 1596 1475 1692 quia
1493 1597 1590 1671 istud

412 1717 551 1792 dictum
578 1723 634 1792 est
659 1737 778 1811 nuper
795 1716 843 1790 ab
859 1722 1002 1810 autore,
1022 1737 1227 1810 numquam
1242 1709 1280 1809 (⁵)
1304 1718 1352 1792 ab
1374 1718 1458 1814 alio,
1476 1725 1513 1793 et
1534 1723 1590 1793 est

412 1856 549 1912 nomen
574 1835 804 1911 conveniens.
831 1834 960 1931 Bulgia
986 1835 1085 1910 enim
1107 1835 1142 1908 in
1161 1836 1306 1932 vulgari
1324 1837 1516 1913 florentino
1534 1843 1590 1912 est

411 1956 508 2031 idem
535 1955 634 2050 quod
660 1955 762 2028 valtis
787 1975 949 2029 concava
974 1961 1012 2029 et
1037 1975 1170 2050 capax:
1202 1955 1312 2030 modo
1338 1956 1405 2031 iste
1429 1957 1589 2031 circulus

412 2076 575 2150 continet
599 2076 696 2148 intra
721 2094 762 2148 se
787 2073 921 2148 multas
942 2075 1067 2169 valles,
1086 2096 1246 2169 quarum
1265 2076 1437 2170 quelibet
1453 2084 1508 2151 est
1527 2098 1590 2151 ca·

412 2217 484 2291 pax
511 2195 715 2270 multorum
747 2193 870 2287 valde;
905 2193 986 2268 ideo
1020 2202 1130 2270 autor
1162 2196 1314 2291 imponit
1329 2187 1364 2289 (⁶)
1396 2196 1483 2271 huic
1508 2198 1588 2271 loco

414 2317 486 2390 tale
516 2336 663 2409 nomen,
696 2320 733 2388 et
765 2324 820 2390 est
851 2334 985 2388 nomen
1017 2315 1260 2410 compositum
1293 2316 1486 2414 singularis
1518 2340 1589 2392 nu-

414 2436 519 2510 meri.
546 2436 590 2508 Et
615 2436 709 2510 bene
735 2435 977 2528 devocatur,
1004 2436 1090 2529 quia
1115 2457 1202 2510 cum
1235 2458 1365 2512 omnes
1395 2439 1509 2514 valles
1533 2439 1590 2512 in-

413 2554 505 2630 ierni
528 2555 598 2628 sint
621 2556 740 2648 malae,
759 2554 836 2627 istae
853 2574 919 2649 per
936 2555 1188 2629 excellentiam
1209 2562 1361 2651 possunt
1377 2557 1445 2632 diei
1464 2559 1588 2633 malae:

413 2681 451 2750 et
476 2675 707 2749 manifestato
733 2673 882 2748 nomine
906 2672 1066 2769 proprio,
1093 2673 1299 2753 manifestat
1319 2677 1525 2772 materiam,
1542 2677 1589 2752 de

414 2815 489 2888 qua
513 2795 632 2871 factus
657 2801 722 2888 est,
748 2794 890 2869 dicens:
918 2801 1001 2867 tata>
1021 2798 1059 2868 dt
1068 2798 1187 2887 pietro
1203 2818 1222 2868 a
1241 2799 1279 2869 di
1300 2800 1398 2871 color
1412 2802 1588 2892 sompno,

414 2913 506 2987 idest
531 2913 753 3009 ferrugineo.
781 2915 852 2988 Per
871 2915 940 2988 hoe
961 2913 1095 3010 figurat
1115 2915 1305 2991 duriorem
1322 2938 1483 3013 poenam,
1502 2918 1589 3013 quia

413 3031 443 3106 si
468 3032 617 3107 violenti
643 3039 864 3107 coercentur
890 3033 985 3108 duro
1011 3054 1172 3128 carcere,
1197 3036 1315 3110 multo
1340 3036 1469 3111 fortius
1486 3038 1589 3112 srau·

413 3151 562 3225 dulenti.
594 3153 702 3226 Notat
727 3153 839 3227 etiam
870 3152 1110 3228 difficiliorem
1137 3155 1330 3230 materiam
1344 3145 1393 3249 (⁷),
1420 3163 1456 3230 et
1480 3156 1587 3234 dicit:

414 3292 510 3344 come
535 3275 571 3345 la
599 3276 682 3365 rapa
711 3275 771 3345 cbe
800 3275 835 3345 d’
847 3275 989 3345 intorno
1017 3276 1046 3345 il
1073 3276 1185 3366 cinpa,
1216 3273 1303 3368 quia
1333 3273 1400 3350 iste
1425 3275 1588 3351 circulus

414 3397 469 3466 est
498 3392 638 3466 cinctus
667 3393 808 3467 circum
840 3394 938 3468 circa
967 3394 1145 3490 altaripa
1177 3400 1214 3468 et
1243 3393 1402 3490 lapidea3
1429 3407 1467 3473 et
1492 3403 1588 3473 tacta

414 3512 580 3606 materia,
608 3513 722 3609 tangit
746 3512 917 3607 sormam,
943 3512 1086 3587 dicens:
1113 3535 1161 3588 oo
1184 3518 1322 3607 paccio,
1347 3520 1445 3590 assai
1470 3521 1589 3610 lorpo,

417 3632 504 3726 quia
530 3632 633 3728 punit
660 3632 696 3704 in
712 3652 752 3705 se
769 3639 930 3726 quatuor
946 3633 1084 3728 species
1100 3634 1341 3730 proditorum,
1359 3659 1378 3710 e
1393 3641 1588 3732 prosondo,

415 3751 502 3844 quia
534 3756 589 3824 est
619 3750 656 3823 in
681 3750 807 3825 infimo
838 3752 950 3826 fundo
982 3753 1125 3849 inserui,
1154 3756 1192 3828 di
1220 3759 1288 3847 cui,
1318 3756 1410 3834 idest
1438 3757 1485 3833 de
1515 3779 1590 3852 quo

415 3876 538 3965 puteo,
565 3873 765 3964 tordtprw,
790 3871 882 3948 idest
906 3872 998 3947 ordo
1023 3872 1115 3967 libri,
1137 3864 1270 3964 dicerd,
1290 3874 1382 3949 idest
1407 3877 1589 3972 tractabit,

413 3994 451 4063 in
476 4012 540 4064 sao
566 3994 655 4084 loco,
681 3991 817 4067 scilicet
841 3992 878 4065 in
904 3992 977 4067 fine
1002 3993 1104 4067 istius
1122 3993 1203 4067 libri
1221 3995 1374 4069 Inferni:
1400 4000 1588 4090 concepto,

414 4110 505 4185 idest
522 4119 577 4185 est
594 4131 735 4185 vacuus
752 4132 819 4206 pro
836 4123 951 4207 parte,
963 4117 1022 4187 nel
1036 4117 1142 4189 dotto
1160 4119 1285 4208 mepte,
1298 4116 1390 4192 idest
1407 4118 1444 4192 in
1461 4126 1589 4195 centro

475 4372 503 4435 (¹)
521 4377 575 4432 116,
592 4387 655 4438 ergo
672 4375 737 4426 dico.
885 4368 890 4378 ’
1083 4375 1111 4440 (’)
1128 4378 1153 4428 S.
1171 4378 1315 4428 condrust.

478 4448 504 4512 (¹)
521 4449 546 4499 S.
563 4456 695 4502 venerant.
1084 4455 1110 4516 ς’)
1125 4454 1150 4504 S.
1167 4467 1182 4503 e
1199 4455 1229 4505 Ε
1246 4456 1361 4519 primum
1377 4455 1474 4508 locum.

477 4526 504 4585 (¹)
521 4525 551 4575 E.
568 4530 594 4575 et
610 4540 751 4591 nunquam.
1084 4530 1111 4593 (⁸)
1127 4530 1153 4580 S.
1170 4531 1301 4595 imposuit.

478 4601 505 4662 (Ἴ)
522 4601 552 4651 E.
569 4605 703 4655 materiam
721 4606 823 4658 dicans:
840 4621 915 4658 conte⁸
