3720 5566
577 496 716 552 caurus
741 499 898 553 neamus
920 492 1092 554 ¹ocrlvus.
1371 489 1417 555 27

244 664 317 717 non
342 642 469 717 audivi
494 642 610 717 alium
640 643 795 717 similem
826 644 968 718 caeteris
996 644 1157 739 paribus
1187 646 1418 720 considerato

244 764 343 859 quod
377 764 473 838 istud
492 758 529 856 (¹)
562 763 671 839 debet
702 748 783 838 esse
816 764 977 838 officium
1000 766 1263 860 joculatorum,
1290 788 1419 842 servo-

247 907 343 980 rum,
362 885 618 978 meretricum,
636 891 673 958 et
695 905 770 958 non
787 885 956 960 convenit
981 884 1044 957 uni
1072 885 1181 959 nobili
1202 886 1315 961 militi.
1335 888 1420 961 ldeo

245 1004 325 1079 vide
352 1005 452 1099 quod
477 1010 587 1078 autor
612 1004 649 1077 in
675 1004 776 1079 omni
795 1023 933 1100 genere
950 1010 1117 1098 conatur,
1137 1010 1178 1077 ut
1201 1004 1417 1100 plurimum,

245 1122 365 1198 lacere
383 1124 608 1199 mentionem
627 1123 672 1197 de
689 1123 812 1216 aliquo
829 1123 909 1197 viro
928 1122 1093 1216 notabili;
1111 1123 1192 1197 ideo
1210 1123 1312 1198 dicit:
1330 1116 1421 1215 perd

245 1248 451 1336 t'udoccbio,
478 1245 571 1319 idest
595 1245 704 1318 oculo
730 1250 829 1337 noto,
844 1239 908 1336 pol
931 1246 991 1317 che
1016 1245 1066 1334 pli
1089 1247 1175 1317 auti
1199 1248 1292 1337 (καί)
1310 1250 1347 1318 et
1367 1243 1418 1318 sic

245 1370 346 1459 potes
371 1365 498 1439 videre
524 1363 671 1458 quando
697 1363 764 1437 snit
795 1364 905 1437 horno
936 1362 1014 1457 iste,
1048 1363 1133 1457 quia
1163 1363 1298 1438 scilicet
1323 1370 1420 1438 tem-

244 1503 335 1578 pore
351 1484 501 1558 autoris.
520 1484 565 1556 Et
581 1483 681 1579 ponit
696 1483 969 1577 responsionem
983 1482 1077 1557 illius
1090 1482 1293 1558 confitentis
1310 1504 1418 1557 suam

244 1604 392 1697 culpam
406 1594 444 1694 (²)
469 1623 619 1677 causam
646 1623 723 1676 suae
748 1602 1000 1677 damnationis.
1032 1602 1134 1677 Unde
1159 1603 1266 1681 dicit:
1293 1611 1327 1676 et
1349 1607 1420 1696 elli,

245 1723 382 1798 scilicet
406 1722 553 1797 Aledius
578 1723 773 1818 respondit,
800 1725 907 1814 altor,
933 1723 1026 1797 idest
1050 1731 1148 1817 tunc,
1166 1727 1357 1798 bcttcndmi
1381 1728 1420 1798 lo

244 1864 367 1935 zucco,
385 1842 477 1918 idest
501 1843 707 1938 percutiens
732 1842 800 1916 sibi
819 1849 930 1937 caput
955 1863 1041 1917 cum
1068 1864 1182 1916 manu
1209 1845 1245 1917 in
1271 1844 1418 1939 signum

247 1962 397 2055 doloris3
424 1983 498 2036 non
525 1969 648 2037 tamen
673 1961 800 2036 debuit
824 1962 891 2035 sihi
916 1964 1039 2037 iacere
1060 1984 1237 2059 magnum
1264 1965 1419 2057 malum,

246 2082 332 2176 quia
349 2103 482 2156 manus
507 2092 588 2159 erat
613 2089 688 2156 tota
714 2081 832 2156 mollis
857 2089 894 2156 et
918 2082 1063 2178 pinguis
1086 2084 1148 2157 tali
1174 2084 1364 2158 unctione:
1388 2086 1420 2155 le

248 2205 399 2294 locuple
424 2205 506 2275 ond'
519 2205 567 2293 tn,
594 2201 684 2275 idest
709 2223 732 2275 a
758 2201 891 2294 quibus
916 2222 998 2299 ego,
1016 2223 1089 2275 raon
1109 2203 1184 2276 ehbt
1207 2206 1279 2275 mai
1296 2206 1331 2276 la
1349 2205 1418 2275 lin-

244 2342 317 2413 ono
347 2329 477 2415 clocca,
509 2322 601 2396 idest
634 2329 811 2416 saturam,
843 2322 985 2416 saliam,
1011 2322 1177 2418 stullam3
1208 2344 1295 2399 ecce
1327 2343 1419 2419 ergo

246 2462 395 2516 causam
411 2432 449 2533 (³)
476 2441 562 2535 quia
587 2448 696 2516 autor
722 2441 871 2516 damnat
896 2462 983 2515 eum
1010 2443 1079 2537 hic,
1102 2445 1189 2537 quia
1209 2464 1414 2537 numquam

244 2561 303 2637 illa
329 2562 454 2658 lingua
480 2562 567 2637 vidit
598 2583 639 2637 se
668 2564 782 2636 semel
807 2562 936 2636 saliam
952 2550 989 2653 (⁴)
1014 2561 1234 2657 adulatione,
1261 2564 1310 2636 ita
1336 2570 1420 2636 erat

245 2689 443 2777 corruptus
457 2687 530 2754 tam
546 2680 605 2757 vili
623 2681 1123 2774 delectatione-Appresso
1142 2682 1207 2756 Hic
1225 2689 1334 2756 autor
1350 2681 1416 2755 de-

245 2804 379 2897 scripto
405 2822 481 2877 uno
507 2799 654 2876 notabili
666 2792 702 2892 (¹⁵)
728 2801 919 2876 adulatore
944 2801 1135 2896 moderno,
1158 2823 1256 2877 nunc
1280 2801 1418 2876 descri-

246 2920 300 2995 hit
328 2942 440 2996 unam
475 2921 671 2996 mulierem
703 2921 893 3014 antiquam
927 2922 1128 2996 maximam
1163 2921 1417 2997 adulatricem.

247 3043 302 3116 hd
326 3043 432 3117 cuius
457 3042 676 3117 evidentiam
698 3049 752 3116 est
769 3041 969 3135 sciendum,
991 3042 1090 3136 quod
1110 3043 1215 3117 Thais
1237 3044 1304 3116 luit
1329 3042 1416 3116 olim

248 3161 509 3236 formosissima
529 3168 567 3235 et
583 3160 822 3235 famosissima
839 3151 875 3253 (θ)
897 3162 1071 3236 meretrix
1090 3163 1128 3235 in
1145 3162 1290 3237 civitate
1307 3161 1420 3236 hthe-

247 3304 394 3375 narum,
420 3302 504 3376 quae
530 3282 587 3356 sui
612 3281 856 3377 pulcritudine
882 3288 919 3355 et
944 3282 1153 3357 adulatione
1182 3283 1292 3358 etiam
1320 3282 1418 3356 viros

247 3403 565 3479 excellentissimos
590 3402 768 3476 alliciebat
790 3402 836 3476 ad
858 3402 915 3475 sui
932 3424 1111 3478 amorem.
1131 3404 1233 3478 Unde
1250 3403 1420 3477 Valerius

247 3525 372 3600 scribit
395 3523 492 3618 quod
518 3524 781 3597 Demosthenes
807 3523 869 3617 qui
896 3523 964 3600 luit
989 3529 1111 3598 tantus
1141 3524 1178 3597 in
1209 3523 1418 3618 eloquentia

246 3645 344 3741 apud
367 3664 519 3742 graecos,
538 3650 698 3738 quantus
720 3643 847 3718 Cicero
872 3642 970 3737 apud
995 3643 1136 3736 latinos,
1153 3644 1267 3718 semel
1294 3663 1420 3718 acces-

248 3766 291 3842 sit
308 3766 354 3840 ad
370 3785 558 3840 cameram
576 3764 666 3858 eius,
685 3770 722 3838 et
738 3763 891 3838 audiens
911 3763 1010 3856 quod
1027 3763 1087 3836 illa
1103 3765 1250 3858 petebat
1267 3770 1417 3838 centurn

247 3886 381 3962 talenta
395 3885 431 3957 in
446 3884 613 3979 praetium
631 3882 796 3976 libidinis,
811 3883 919 3957 dixit:
936 3884 1020 3957 nolo
1040 3903 1166 3958 emere
1183 3884 1271 3957 tanti
1285 3872 1320 3975 (⁷)
1338 3903 1420 3977 poe-

247 4006 373 4081 nitere.
392 4005 537 4079 Sciebat
561 4004 658 4079 enim
680 4004 953 4097 Demosthenes,
970 3979 1071 4097 huod
1087 4024 1134 4078 er
1151 4012 1237 4078 actu
1258 4023 1420 4078 venereo

247 4144 391 4221 semper
408 4124 575 4218 sequitur
599 4122 809 4219 poenitentia
835 4129 873 4198 et
897 4123 1136 4219 displicentia3
1164 4124 1245 4198 ideo
1272 4123 1420 4196 nolebat

309 4317 336 4381 (¹)
353 4323 406 4378 llo,
424 4318 492 4369 istud
509 4332 560 4369 non
576 4322 642 4368 esset
659 4317 780 4368 odicium.

310 4390 338 4457 (¹)
353 4394 384 4443 Ε.
401 4394 514 4457 culpam,
531 4407 635 4458 suasque
651 4394 822 4444 damnationis
838 4407 950 4444 cauum.

309 4469 336 4532 (¹)
352 4471 383 4520 ll.
399 4484 415 4521 c
432 4476 486 4532 llo,
503 4485 607 4522 crutam
623 4485 704 4536 quare
721 4476 805 4523 autor.
979 4469 1005 4534 (⁸)
1022 4470 1053 4521 E.
1069 4471 1195 4521 satiatam.

308 4545 336 4608 (¹)
352 4546 383 4597 Ε.
399 4547 487 4599 nobili.
980 4545 1007 4609 (⁸)
1024 4547 1055 4597 Ε.
1073 4546 1179 4598 famosa.

310 4621 337 4685 Γ)
355 4626 409 4683 llo,
426 4629 528 4675 tantum
544 4626 707 4688 poenitenlln.
