3720 5566
420 414 466 480 ut
815 427 1018 481 conunrou
1042 429 1191 481 iuream

419 572 591 666 allegans,
610 570 709 664 quod
733 570 871 646 licitum
890 575 971 645 erat
987 570 1111 644 omnia
1136 571 1266 644 iacere*
1278 590 1346 664 pro
1372 568 1591 643 exaltatione

420 692 605 785 ccclesiae3
632 691 877 787 magnificavit
903 697 941 765 et
964 691 1091 765 ditavit
1116 711 1263 765 summe
1291 711 1388 765 suos.
1417 691 1521 763 Nunc
1546 688 1592 764 ad

420 812 562 887 literam
588 810 881 885 descendendum
900 817 964 885 est.
984 811 1076 885 Dicit
1093 831 1183 907 ergo
1200 810 1370 885 Nicolaus
1388 808 1590 885 Boniiacio:

420 936 473 1007 Se'
488 941 523 1005 tu
546 924 576 1005 si
600 939 687 1004 mom
713 933 751 1003 di
774 933 966 1022 quellooor
988 934 1102 1021 sozio,
1124 930 1215 1004 idest
1240 931 1286 1005 de
1311 933 1485 1004 thesauro
1511 950 1591 1002 ma-

419 1071 504 1147 gno,
525 1072 593 1142 per
626 1054 661 1123 to
690 1053 786 1141 qual,
818 1050 910 1124 idest
941 1071 1008 1146 pro
1042 1071 1117 1143 quo
1146 1069 1222 1123 aere
1254 1049 1490 1143 acquirendo,
1520 1068 1590 1121 uon

421 1173 549 1243 temcsti
574 1176 670 1242 torre
695 1172 904 1260 o'nqonoo,
930 1169 1016 1262 quia
1043 1175 1095 1242 tut
1121 1168 1310 1242 fraudibus
1336 1189 1425 1241 usus
1450 1167 1529 1261 luit,
1549 1173 1592 1240 ut

420 1288 562 1382 audisti,
589 1294 631 1360 ut
656 1288 814 1381 eriperet
839 1288 1029 1363 ecclesiam
1056 1288 1103 1362 de
1123 1287 1294 1361 manibus
1310 1286 1505 1379 Coelestini,
1523 1285 1588 1379 qui

421 1415 545 1483 tamen
570 1408 743 1502 deceptus
769 1408 847 1501 luit,
874 1409 959 1502 quia
989 1408 1105 1502 decipi
1130 1408 1265 1500 voluit3
1292 1407 1377 1501 quia
1407 1406 1502 1479 bene
1526 1425 1590 1479 co-

421 1527 619 1625 gnoscebat
643 1527 878 1601 ambitionem
910 1528 1094 1622 Boniiacii,
1120 1535 1157 1602 et
1181 1528 1288 1602 cessit
1318 1525 1467 1601 consilio
1500 1525 1590 1621 cius,

423 1655 459 1722 et
483 1649 554 1721 hoc
578 1648 654 1741 ipse
679 1648 868 1741 quaerebat
897 1658 935 1724 ct
957 1648 1117 1743 optabat.
1144 1650 1189 1721 Et
1218 1647 1360 1722 etiamsi
1385 1666 1589 1739 numquam

422 1767 620 1863 decepisset
640 1767 886 1861 Coelestinum,
905 1774 1047 1863 constat
1062 1760 1111 1861 (⁴),
1134 1768 1232 1862 quod
1258 1768 1333 1861 ipse
1360 1766 1499 1859 fraude,
1518 1786 1590 1839 non

422 1893 522 1961 recta
555 1886 624 1979 ria,
659 1886 825 1980 pervenit
862 1885 908 1958 ad
944 1892 1121 1979 optatum.
1158 1884 1249 1959 Dicit
1281 1905 1394 1980 ergo:
1430 1886 1466 1955 la
1503 1884 1590 1955 betto

422 2011 553 2100 mona,
579 2004 714 2080 scilicet
740 2004 1047 2100 ecclesiamque
1073 2011 1128 2079 est
1153 2006 1281 2099 pulcra
1298 2025 1429 2099 sponsa
1446 2003 1589 2098 Christi,

417 2130 482 2219 poi
505 2129 542 2198 di
562 2129 668 2220 forne
687 2128 835 2215 strazi0,
855 2124 989 2200 scilicet
1006 2126 1196 2198 inhoneste
1223 2124 1411 2199 tractando
1437 2144 1531 2217 eam,
1554 2134 1590 2199 ct

423 2246 672 2341 prostituendo
689 2251 878 2338 tamquam
900 2245 1143 2319 meretricem.
1171 2243 1291 2336 Aliqui
1317 2250 1440 2317 tamm
1465 2242 1590 2316 dicunt

424 2365 522 2461 quod
557 2372 675 2460 potest
712 2365 860 2461 intelligi
893 2365 940 2439 de
973 2365 1133 2458 quodam
1168 2363 1349 2436 comitissa
1383 2363 1588 2459 Margarita,

424 2507 536 2579 quam
562 2484 767 2558 Boniiacius
793 2483 938 2557 tradidit
972 2483 1114 2556 cuidam
1148 2482 1268 2576 nepoti
1304 2503 1395 2575 suo;
1421 2482 1484 2557 sed
1515 2483 1591 2556 sive

423 2606 493 2681 hoc
518 2606 654 2699 iecerit,
680 2604 757 2679 sive
782 2625 867 2697 non,
893 2609 1002 2677 autor
1020 2624 1092 2676 uon
1109 2601 1272 2696 loquitur
1289 2602 1335 2677 de
1351 2602 1423 2676 alia
1444 2602 1589 2676 domina

424 2747 536 2819 quam
554 2726 600 2799 de
617 2724 768 2799 ecclesia
782 2715 819 2815 (²)
844 2743 1041 2817 perquam
1063 2723 1254 2816 acquisivit
1273 2723 1488 2796 thesaurum
1511 2742 1590 2795 ma-

423 2865 606 2941 gnum—
624 2846 696 2915 Tot.
715 2843 780 2916 llic
796 2850 905 2916 autor
923 2843 1037 2938 tangit
1054 2843 1316 2935 confusionem,
1335 2863 1446 2936 quam
1465 2842 1591 2916 incur-

424 2965 471 3037 rit
496 2984 543 3037 cx
568 2961 802 3055 responsione
822 2961 917 3035 illius
933 2960 1081 3055 spiritus
1098 2962 1354 3055 impertinente
1373 2961 1451 3054 sibi,
1468 2968 1505 3035 et
1522 2962 1591 3035 hoc

424 3102 490 3178 per
515 3080 825 3176 comparationem
852 3081 897 3154 de
918 3100 958 3154 se
981 3080 1226 3174 manifestam3
1248 3080 1347 3154 unde
1363 3080 1468 3153 dicit:
1486 3084 1521 3154 io
1538 3101 1592 3153 otc

421 3204 491 3295 feci
506 3204 567 3291 tot,
588 3200 680 3274 idest
702 3200 752 3273 ita
771 3199 956 3293 contusus,
974 3202 1058 3291 quoi
1072 3220 1138 3272 soa
1155 3203 1252 3272 color
1268 3202 1328 3272 cde
1344 3206 1470 3272 sunno
1490 3203 1592 3291 quusi

424 3323 592 3412 coornati,
618 3320 721 3393 velut
745 3318 774 3391 si
799 3319 953 3412 loquens
979 3317 1227 3392 ludificaretur
1253 3339 1327 3411 eos,
1348 3340 1416 3410 per
1442 3340 1514 3391 non
1536 3322 1592 3392 in-

425 3442 544 3513 teoder
569 3431 621 3511 nd
646 3430 747 3511 clt’e‘e
772 3439 828 3510 lor
852 3442 1015 3531 lisposto,
1042 3438 1128 3533 quia
1158 3439 1291 3513 scilicet
1325 3439 1511 3533 responsio
1537 3438 1592 3514 vi-

424 3559 533 3633 detur
549 3558 698 3632 omnino
716 3557 834 3632 aliena
851 3558 898 3632 ab
914 3558 1211 3653 interrogatione,
1230 3563 1267 3631 et
1283 3557 1384 3632 ideo:
1405 3561 1592 3651 rispooder

424 3699 496 3750 uon
520 3698 643 3750 sonno.
671 3676 714 3749 Et
742 3677 842 3771 ponit
867 3676 1028 3751 subitum
1055 3678 1246 3750 consilium
1270 3677 1418 3773 Virgilii,
1444 3679 1590 3753 dicens:

426 3798 518 3870 otior
555 3799 710 3888 Virgilio,
740 3796 865 3870 videns
890 3816 952 3870 me
982 3803 1081 3870 stare
1106 3796 1157 3870 ita
1181 3816 1412 3893 suspensum,
1439 3798 1589 3872 tacitum

425 3924 463 4005 et
500 3924 659 4012 mutum,
694 3919 807 3989 duce:
845 3920 925 3990 dille
962 3924 1062 4007 tosto,
1093 3937 1140 3991 ne
1172 3917 1303 4012 perdas
1339 3925 1494 4014 tempus,
1520 3942 1593 3994 oon

425 4060 490 4111 son
518 4041 620 4129 colui,
658 4058 728 4108 uon
767 4058 832 4109 son
868 4039 958 4109 colui
993 4040 1053 4109 clu
1090 4040 1198 4129 credi,
1230 4039 1332 4131 quasi
1363 4040 1482 4113 dicat:
1520 4062 1593 4115 non

424 4181 508 4233 sum
534 4157 751 4249 Bonilacius,
777 4157 841 4249 qui
866 4177 939 4230 non
972 4164 1027 4230 est
1056 4157 1176 4232 adhuc
1209 4165 1389 4253 mortuus,
1415 4160 1480 4234 sed
1510 4183 1591 4234 sum

426 4302 522 4353 unus
548 4278 665 4373 vivus,
683 4298 757 4351 non
782 4277 1019 4371 simoniacum
1046 4277 1127 4351 ideo
1153 4298 1226 4350 non
1252 4279 1336 4352 veni
1361 4279 1434 4352 huc
1451 4279 1497 4353 ad
1515 4300 1594 4375 poe-

487 4531 515 4593 (¹)
531 4529 561 4579 E·
578 4530 717 4579 comum.
1096 4526 1124 4591 (¹)
1140 4528 1165 4579 s.
1185 4529 1293 4579 eccisus
1310 4529 1366 4579 ner.
