3720 5566
605 462 741 518 caurus
767 464 924 518 uncinus
948 465 1077 549 nouus
1372 457 1418 522 37

244 608 560 704 comparationem
578 606 664 680 satis
682 607 923 701 manifestam,
950 608 1089 683 dicens:
1106 613 1135 683 ii
1150 613 1418 703 *fiummeppiom

245 730 337 804 idest
354 728 540 803 ventilatio
565 727 651 799 llam
657 746 726 799 mae
750 748 926 822 accensae,
944 751 1009 801 erc
1025 722 1049 802 o
1066 733 1117 804 (αἱ
1132 733 1194 803 dai
1209 734 1372 823 coicapoi
1391 753 1415 804 c

245 847 615 941 cupersanense
640 845 689 920 ita
715 845 752 918 in
777 846 944 922 discursu
967 848 1184 942 superficiali
1211 851 1332 924 solum
1350 872 1416 945 per

247 970 406 1065 plantam
423 966 536 1063 pedis,
554 970 651 1059 quai,
669 967 796 1061 supple
811 970 838 1040 't
858 970 1070 1059 siomcppiar
1095 971 1139 1041 de
1163 973 1194 1042 le
1217 991 1296 1043 cose
1320 978 1413 1061 unte,

245 1093 324 1163 suoi
347 1091 499 1163 inmersi
516 1109 591 1180 pur
610 1109 678 1179 per
703 1089 739 1160 la
765 1088 884 1160 buccia
907 1094 1051 1179 strenia,
1077 1088 1169 1162 idest
1194 1109 1259 1184 per
1285 1091 1416 1185 pellem

250 1210 483 1302 exteriorem,
502 1207 608 1281 cuius
633 1207 726 1281 ratio
752 1213 806 1281 est
831 1208 1019 1302 naturalis,
1038 1209 1124 1302 quia
1141 1209 1234 1306 ignis
1252 1211 1418 1304 sequitur

252 1328 518 1403 nutrimentum
535 1346 646 1399 suum
665 1347 739 1421 quo
757 1328 874 1423 magis
887 1336 1125 1403 conservetur
1142 1323 1196 1422 (¹);
1214 1336 1251 1403 et
1268 1330 1319 1403 sic
1336 1329 1418 1403 vide

248 1448 560 1543 comparationem
571 1447 757 1541 propriam
767 1447 813 1521 ad
822 1448 1060 1543 propositum,
1071 1450 1157 1544 quia
1166 1450 1259 1524 sicut
1269 1451 1417 1525 flamma

249 1567 423 1641 discurrit
439 1558 656 1658 velociterl²l
671 1585 737 1662 per
755 1566 984 1662 superficiem
1003 1568 1057 1642 rei
1076 1575 1206 1663 unctae,
1221 1569 1302 1644 *ita
1321 1592 1418 1645 nunc

250 1687 403 1761 flamma
431 1686 658 1761 discurrebat
687 1707 754 1781 per
788 1686 1028 1781 superficiem·
1051 1689 1182 1782 plantae
1209 1690 1361 1764 unctae*
1379 1683 1416 1784 (³l

250 1809 408 1882 istorum
433 1807 585 1882 divitum
612 1806 802 1902 pinguium
829 1807 1072 1881 sacerdotum.

327 1929 388 1999 cit
411 1922 447 1999 e‘e
470 1929 573 2018 colui,
600 1930 764 1999 Maestro.
792 1927 863 1999 lsta
889 1933 943 1999 est
970 1927 1129 2001 secunda
1162 1948 1247 2022 pars
1277 1928 1314 2001 in
1345 1951 1419 2022 qua

251 2053 361 2120 autor
397 2046 593 2131 introducit
626 2066 743 2118 unum
779 2067 968 2119 summum
1000 2047 1219 2141 pontificem,
1251 2048 1313 2142 qui
1352 2049 1420 2123 luit

250 2186 398 2240 summe
422 2167 619 2241 infamatus
644 2166 712 2240 isto
730 2166 816 2240 vitio
834 2164 1008 2239 simoniae.
1030 2166 1114 2240 ldeo
1134 2167 1228 2242 bene
1245 2167 1347 2264 lingit
1380 2190 1420 2243 se

254 2284 378 2360 videre
402 2307 532 2380 unum,
551 2285 614 2378 qui
632 2285 761 2358 lortius
779 2285 920 2359 ceteris
942 2285 1149 2381 exagitabat
1165 2307 1276 2362 crura
1297 2294 1334 2362 et
1354 2308 1420 2384 pe-

250 2404 328 2499 dae,
348 2411 385 2478 et
409 2405 498 2499 petit
514 2426 538 2479 a
554 2403 702 2500 Virgilio
721 2404 802 2497 quis
821 2405 867 2477 sit
881 2391 931 2497 (⁴),
953 2403 1098 2478 dicens:
1120 2407 1203 2478 diss'
1216 2410 1264 2498 io,
1284 2408 1418 2481 scilicet

252 2524 413 2621 Virgilio,
439 2545 461 2596 o
487 2529 655 2617 uacuo,
680 2526 734 2596 ciri
758 2517 795 2627 de
818 2527 909 2598 colui
927 2526 985 2596 cie
1009 2546 1047 2595 se
1070 2530 1220 2617 mocio,
1238 2526 1328 2600 idest
1347 2528 1420 2600 ira-

252 2646 377 2737 scitur,
395 2646 600 2736 puicciando
611 2639 675 2735 piri
700 2645 759 2715 cite
775 2646 826 2735 pli
841 2646 994 2717 altriaci
1013 2649 1179 2736 consorti,
1197 2646 1288 2720 idest
1306 2666 1417 2740 quam

252 2765 312 2838 alii
328 2763 469 2859 praelati
486 2763 633 2857 plantati
651 2769 688 2837 et
704 2763 820 2858 puniti
837 2763 884 2837 ibi
902 2785 1046 2839 secum:
1065 2771 1182 2859 potest
1199 2766 1309 2840 etiam
1327 2766 1421 2841 lorte

254 2884 402 2979 intelligi
427 2884 474 2958 de
498 2883 727 2957 consortibus
741 2875 777 2976 (⁶)
805 2904 883 2957 suae
899 2884 1029 2979 stirpis,
1048 2886 1132 2979 quia
1149 2876 1186 2978 (⁶)
1203 2908 1290 2960 cum
1316 2887 1421 2959 multi

254 3004 387 3079 luerint
399 3003 537 3099 praelati
555 3003 743 3077 simoniaci
759 3003 805 3077 de
820 3005 968 3099 Ursinis,
982 3006 1189 3098 istetamen
1207 3006 1274 3080 suit
1291 3007 1420 3102 major,

253 3125 329 3199 imo
353 3124 421 3197 luit
447 3122 551 3216 quasi
575 3122 715 3216 primus
741 3143 834 3218 papa
860 3123 922 3216 qui
948 3131 1043 3198 esset
1059 3125 1202 3219 publice
1223 3126 1421 3200 infamatus

254 3244 300 3318 de
325 3243 489 3317 simonia.
516 3243 586 3315 Iste
611 3241 709 3314 euim
736 3248 816 3315 erat
840 3260 933 3337 papa
950 3242 1119 3318 Nicolaus
1143 3245 1188 3318 de
1211 3245 1358 3338 Ursinis,
1376 3245 1422 3320 de

253 3384 331 3457 quo
348 3363 441 3436 inlra
458 3363 563 3456 plene
579 3360 737 3454 dicatum
755 3367 792 3434 et
810 3361 924 3457 tangit
940 3350 976 3454 (⁷)
996 3382 1146 3436 causam
1164 3364 1259 3438 illius
1277 3386 1421 3461 magne

252 3481 472 3579 agitationis,
498 3481 639 3555 dicens:
666 3502 684 3553 e
709 3483 765 3553 cui
784 3483 931 3573 tamma
949 3476 1014 3573 pii
1037 3486 1166 3573 roppia
1187 3487 1315 3575 soccia,
1332 3485 1424 3560 idest

256 3612 295 3679 et
320 3622 432 3696 quem
458 3602 606 3674 llamma
631 3600 747 3696 magis
773 3600 889 3674 rubea
901 3589 937 3693 (⁸)
965 3621 1078 3693 quam
1100 3602 1285 3677 ardentior
1302 3604 1424 3678 adurit

255 3730 293 3797 et
318 3721 468 3796 cruciat.
495 3721 540 3793 Et
564 3719 683 3793 subdit
709 3721 981 3816 responsionem
1005 3722 1141 3818 Virgilii
1161 3723 1207 3797 ad
1225 3745 1264 3798 se
1285 3726 1348 3819 qui
1367 3727 1424 3800 ol-

257 3842 327 3916 lert
352 3861 392 3915 se
417 3847 650 3935 portaturum
676 3840 795 3934 ipsum
822 3841 971 3915 inferius
996 3842 1042 3917 ad
1065 3843 1167 3917 illum
1186 3845 1351 3940 spiritum
1378 3848 1423 3921 ad

257 3960 515 4054 inquirendum
540 3959 587 4034 de
611 3960 690 4034 eius
716 3960 916 4034 substantia
934 3967 970 4035 et
987 3962 1176 4058 qualitate3
1197 3965 1296 4040 unde
1321 3966 1422 4041 dicit:

253 4083 366 4153 etalii
390 4102 414 4153 a
439 4100 505 4170 me,
530 4078 663 4153 scilicet
688 4079 860 4174 Virgilius
883 4082 1082 4175 respondit:
1102 4090 1137 4157 tu
1153 4089 1279 4177 saproi
1303 4089 1352 4157 dc
1377 4089 1425 4159 lui

315 4262 345 4325 (¹)
361 4269 415 4324 lio,
433 4270 610 4315 conservatur.
910 4263 938 4325 (¹)
954 4268 985 4317 E.
1002 4268 1126 4317 velociter
1141 4281 1220 4330 super
1236 4268 1328 4318 faciem
1345 4269 1392 4318 rel.

316 4338 343 4401 (⁸)
358 4339 461 4401 Quanto
477 4343 493 4390 a
508 4352 644 4403 compreso
659 4338 699 4390 lra
716 4340 725 4389 i
741 4340 791 4390 due
808 4341 940 4390 asteriscbi
958 4355 1048 4391 manca
1063 4342 1108 4392 nel
1124 4346 1214 4393 nostro
1231 4347 1308 4406 testo3
1326 4348 1423 4397 astato

253 4415 368 4479 suppllto
383 4416 452 4479 dagli
468 4416 528 4467 altri
543 4416 639 4467 codici.

316 4492 343 4553 (⁸)
358 4491 384 4541 S.
401 4494 434 4542 sit
449 4492 502 4554 ille,
520 4494 615 4545 «licens.
911 4493 939 4556 (⁸)
955 4494 980 4543 S.
999 4497 1138 4547 consortio.

317 4567 345 4631 (⁴)
360 4569 391 4619 E.
408 4572 468 4633 qula
483 4571 559 4623 multi
575 4571 682 4623 luerunt
698 4571 806 4635 prelati.
911 4571 937 4635 (¹)
955 4577 1009 4634 nc,
1027 4574 1116 4637 tetigit.
1212 4572 1239 4637 (¹)
1255 4574 1286 4626 ll.
1304 4578 1391 4631 rubra,
