3720 5566
625 485 761 540 elusos
787 487 944 542 uncinus
969 487 1139 542 oosnvus.
1443 480 1466 544 7

289 652 351 706 sus
366 624 403 723 (¹)
431 637 599 726 puteum,
626 629 738 723 aliqui
763 629 809 704 ad
835 630 1003 706 dextram
1029 651 1159 706 versus
1179 633 1377 727 septimum
1394 634 1468 709 eir-

291 754 431 847 oulum,
456 772 480 826 a
505 772 580 845 quo
611 757 839 826 recesserant
868 752 1039 847 Virgilius
1065 758 1102 827 et
1126 753 1271 848 Dentes,
1299 756 1468 849 quierat

290 872 394 967 quasi
420 892 528 945 mons
553 876 724 965 respectu
749 871 935 965 sequentis
960 872 1147 966 bassioris3
1173 878 1211 946 et
1236 874 1287 949 sie
1317 895 1468 971 compa-

290 994 382 1069 ratio
407 1000 464 1068 est
489 992 576 1066 satis
601 991 750 1086 propria
776 983 914 1086 quia(²)
934 993 981 1067 de
1006 993 1161 1067 transitu
1188 994 1233 1067 ad
1260 996 1468 1091 transitum,

291 1115 337 1190 de
361 1113 614 1210 peecatoribus
639 1112 685 1186 ad
710 1119 932 1207 peccatores.
952 1112 1023 1187 Sed
1050 1113 1239 1208 romipetae
1262 1116 1401 1191 vadunt
1422 1117 1467 1191 ad

292 1233 554 1331 indulgentiam
580 1238 621 1305 ut
636 1222 673 1322 (³)
690 1238 897 1327 purgentur
914 1254 936 1307 a
952 1232 1128 1327 peceatis5
1147 1233 1204 1308 isti
1222 1255 1311 1308 vero
1329 1236 1469 1310 vadunt

289 1356 335 1430 ad
359 1375 509 1451 poenam
535 1360 578 1427 ut
607 1352 807 1448 puniantur
837 1353 884 1427 de
915 1354 1082 1448 peoeatis.
1112 1354 1166 1428 Ad
1196 1355 1342 1430 literam
1376 1378 1467 1454 ergo

289 1476 375 1550 dieit
399 1482 519 1569 antor,
546 1473 645 1568 quod
676 1472 732 1546 isti
763 1478 974 1568 peccatores
998 1474 1082 1549 hine
1102 1462 1139 1566 (⁴)
1166 1475 1249 1550 inde
1277 1497 1301 1551 a
1330 1476 1468 1552 dextris

291 1603 329 1671 et
353 1595 504 1669 sinistris
528 1614 573 1669 eo
592 1592 701 1667 modo
718 1584 769 1686 (⁵),
786 1614 882 1666 come
902 1597 917 1667 i
937 1597 1080 1667 ronterii
1103 1597 1221 1669 loono
1242 1601 1323 1671 totto
1348 1602 1467 1691 modo,

292 1717 404 1791 istum
434 1715 584 1789 modum
617 1714 737 1788 adhue
768 1719 917 1788 servant
934 1705 972 1806 (ὅ)
1006 1714 1196 1811 romipetae
1230 1738 1277 1791 ex
1309 1739 1349 1793 se
1383 1719 1466 1815 ipsis

290 1838 440 1933 quando
464 1833 659 1909 multitudo
685 1840 740 1908 est
757 1855 893 1930 magna
909 1836 1048 1929 Rome,
1066 1857 1090 1908 o
1106 1858 1242 1929 possor
1258 1841 1294 1911 lo
1311 1847 1411 1929 peno
1426 1860 1467 1913 so

288 1980 353 2051 per
370 1961 535 2051 diponle,
553 1954 713 2029 fluminis
723 1943 760 2046 (⁷)
779 1955 948 2050 Tiberini,
962 1978 1031 2048 per
1047 1959 1070 2028 l
1077 1961 1221 2030 eseroito
1238 1962 1358 2051 ntolm,
1376 1960 1468 2034 idest

292 2085 439 2175 propter
464 2096 637 2172 magnam
662 2074 932 2151 multitudinem
950 2078 1244 2173 peregrinorum,
1263 2082 1388 2152 loono
1412 2083 1470 2153 del

290 2199 449 2289 putueo,
468 2195 584 2291 tangit
602 2195 847 2269 universalem
873 2195 1137 2292 indulgentiam
1159 2217 1225 2292 per
1243 2199 1465 2273 vocabulum

290 2318 496 2411 antiquum.
523 2315 578 2389 Ad
602 2315 708 2389 euius
733 2314 978 2410 cognitionem
1005 2320 1060 2389 est
1081 2316 1270 2390 sciendum
1289 2318 1387 2411 quod
1399 2320 1465 2414 ju-

290 2440 418 2513 hilaeus
449 2437 712 2530 interpretatur
747 2455 865 2508 annus
898 2434 1137 2529 remissionis,
1172 2443 1209 2510 et
1240 2444 1296 2511 est
1329 2459 1465 2513 nomen

290 2559 517 2651 hebraicum,
552 2563 589 2631 et
605 2546 641 2648 (⁸)
672 2555 783 2630 fiebat
815 2555 851 2627 in
882 2554 1187 2652 quinquagesimo
1221 2578 1327 2632 anuo.
1362 2560 1465 2632 lubi-

291 2681 347 2754 lus
363 2671 399 2771 (ll
427 2678 524 2753 enirn
543 2683 598 2752 est
622 2684 752 2750 cautus
776 2695 945 2769 sonorus,
971 2676 1201 2750 laetabundus
1216 2668 1281 2771 (Ν),
1308 2684 1363 2752 est
1391 2700 1463 2754 vox

291 2798 444 2874 eoniusa
460 2818 537 2893 prae
554 2795 699 2893 gaudio.
726 2797 767 2868 ln
791 2816 889 2869 anno
910 2795 1007 2869 enim
1029 2796 1179 2890 jubilaeo
1199 2790 1251 2888 (¹¹)
1276 2797 1386 2873 fiebat
1410 2800 1465 2874 le—

292 2927 391 2993 stum
416 2919 540 2992 laetum
567 2937 654 2991 eum
680 2916 854 3011 clangore
879 2916 1066 3010 tubarum,
1090 2923 1127 2990 et
1152 2917 1272 2992 debita
1296 2919 1464 2995 absolve-

293 3042 438 3134 bantur,
452 3046 490 3122 et
506 3036 821 3112 confirmabantur
838 3035 1033 3130 libertates,
1042 3038 1329 3112 restituebantur
1349 3039 1463 3135 bona;

292 3168 329 3235 et
353 3160 479 3234 dieunt
503 3157 615 3251 aliqui
641 3156 740 3251 quod
760 3155 933 3250 jubilaeus
953 3157 1080 3230 habuit
1097 3156 1240 3231 initium
1265 3180 1288 3233 a
1313 3159 1465 3235 victoria

292 3281 398 3353 Abrae
423 3277 570 3372 quando
595 3275 751 3350 redemit
777 3282 947 3371 nepotem
973 3298 1083 3349 suum
1106 3278 1197 3351 Loth
1223 3277 1270 3353 de
1294 3280 1464 3353 manibus

293 3400 403 3473 trium
417 3419 560 3495 regum.
570 3398 615 3470 Et
627 3416 714 3471 ecce
727 3395 878 3470 modum
893 3396 1104 3470 transeundi
1117 3397 1382 3494 romipetarum
1391 3391 1462 3491 (Ἧι

292 3521 350 3592 cire
372 3522 446 3592 tutti
461 3521 579 3590 donoo
596 3520 632 3590 lu
646 3520 765 3610 fronte
789 3518 838 3588 do
863 3519 940 3589 lon
965 3519 1036 3589 loto
1061 3538 1163 3590 verso
1174 3520 1201 3589 ’l
1223 3521 1375 3608 castello,
1392 3519 1463 3592 sei·

291 3639 374 3714 lieet
399 3638 513 3714 saneti
533 3637 670 3734 Angeli.
686 3636 739 3711 Ad
757 3637 855 3729 quod
872 3636 1086 3730 notandum,
1101 3638 1199 3731 quod
1217 3638 1312 3713 istud
1332 3641 1463 3714 castel-

292 3760 383 3854 lum,
407 3759 454 3833 de
479 3779 554 3851 quo
578 3757 618 3830 fit
642 3757 701 3831 hio
727 3756 876 3849 mentio,
902 3756 970 3829 luit
994 3756 1081 3830 olim
1108 3758 1297 3853 sepultura
1314 3760 1460 3835 Adriani

353 3929 381 3991 (¹)
398 3932 452 3988 111,
468 3941 558 3978 versos
574 3932 687 3990 pontem.
950 3924 978 3988 (⁶)
994 3927 1025 3978 Ε.
1042 3928 1102 3991 quta
1118 3928 1216 3978 scillcet
1232 3928 1264 3979 (11
1280 3932 1397 3983 omniu.

352 4005 379 4069 l')
395 4005 426 4055 Β.
441 4008 472 4054 ut
489 4017 503 4052 a
520 4003 631 4066 peccatis
647 4001 829 4061 dominantum
847 4001 889 4050 isti
905 4014 976 4052 vero.

352 4083 380 4146 (⁸)
395 4083 430 4143 5.,
447 4082 478 4131 Ε.
495 4093 510 4130 1
527 4085 581 4141 111,
598 4080 669 4129 ibant
685 4078 745 4128 hino
761 4077 829 4128 iuda.

351 4159 379 4221 (¹)
395 4159 426 4208 E.
441 4172 474 4209 eo
490 4157 576 4218 modo,
592 4170 645 4221 quo
661 4168 739 4218 snpra
755 4154 788 4204 de
803 4154 963 4218 indulgentia
972 4171 1080 4207 remma
1092 4158 1191 4209 metum
1200 4161 1247 4217 111,
1258 4156 1364 4217 seilicet,
1376 4161 1464 4208 morat

353 4311 379 4372 (“)
395 4310 426 4361 Ε.
443 4314 548 4359 serrant
563 4321 595 4358 ex
611 4320 638 4358 se
655 4307 714 4370 ipsis
729 4307 832 4371 quando
849 4306 990 4357 multitudo
1006 4312 1045 4358 111
1055 4322 1148 4372 magna
1164 4309 1352 4370 romipetarum
1363 4307 1462 4370 Romae,

290 4400 308 4435 ι
320 4399 420 4449 poam.
957 4383 984 4446 (¹)
1001 4389 1055 4446 111,
1072 4386 1169 4437 seilicet
1185 4384 1306 4435 dominis.

352 4461 379 4525 (’)
395 4462 426 4512 Ε.
443 4463 488 4525 qul
504 4462 589 4513 flebat.
958 4460 986 4520 (⁸)
1003 4464 1048 4511 111
1065 4474 1081 4511 1
1098 4462 1129 4511 Ε.
1144 4461 1270 4512 iubilous.

343 4537 379 4600 (¹⁶)
396 4542 450 4596 111,
467 4538 678 4600 delectabundus,
695 4537 820 4588 ostentm
835 4551 894 4589 nox.
948 4537 985 4601 (¹¹)
1003 4537 1034 4587 Ε.
1047 4538 1155 4601 jubilei.

343 4613 379 4675 (¹²)
395 4613 420 4664 S.
437 4616 626 4679 romipeomm
641 4628 689 4679 per
705 4618 819 4677 pontem.
