3720 5566
604 458 742 516 caurus
768 461 925 516 ornemus
952 462 1081 516 Nouus.
1381 451 1427 517 43

258 626 400 700 papam,
428 626 502 680 non
537 605 704 681 obstante
735 606 1016 699 renuntiatione,
1042 605 1214 701 dicentes,
1241 607 1340 701 quod
1367 608 1427 682 tali

257 724 420 822 dignitati
450 745 523 798 non
553 731 697 820 poterat
710 718 747 819 (¹)
780 726 1004 819 renuntiari3
1039 735 1077 801 et
1107 726 1205 820 quod
1235 727 1317 802 licet
1348 728 1429 801 Cle-

258 865 363 920 mens
388 845 665 938 renuntiaverit,
686 851 810 929 tamen
830 845 953 920 fideles
976 845 1148 919 tenebant
1168 867 1256 920 eum
1274 867 1341 941 pro
1358 847 1429 920 Pa-

259 975 325 1059 tre,
343 971 381 1038 et
401 970 527 1059 postea
552 965 722 1058 oportuit,
746 964 844 1058 quod
870 971 965 1039 esset
978 955 1015 1057 (²)
1044 985 1137 1059 papa
1161 972 1243 1060 post
1269 972 1427 1039 mortem

259 1084 348 1158 Cleti
360 1074 408 1176 (³).
424 1082 641 1158 Coeleslinus
657 1103 748 1178 ergo
766 1084 803 1156 in
818 1083 915 1157 dicto
933 1084 1014 1157 loco
1032 1104 1164 1177 parum
1184 1083 1291 1176 vixit;
1306 1090 1343 1157 et
1359 1082 1429 1177 die,

258 1202 332 1298 qua
358 1209 529 1277 mortuus
554 1211 619 1297 est,
644 1203 712 1275 luit
737 1204 900 1298 sepultus
925 1203 963 1275 in
990 1223 1062 1275 una
1087 1189 1249 1295 parva(⁴)
1277 1201 1430 1276 ecclesia

259 1324 295 1397 in
320 1324 506 1417 Sulmone,
525 1343 609 1416 quae
635 1329 715 1396 erat
740 1322 785 1396 de
810 1323 938 1396 ordine
963 1342 1043 1416 suo,
1065 1329 1101 1398 et
1118 1322 1341 1418 paupercule
1363 1322 1430 1395 luit

257 1444 396 1539 positus
419 1444 488 1516 sub
513 1453 614 1519 terra
627 1434 665 1535 (⁵)
692 1444 789 1517 ultra
804 1442 934 1517 decem
951 1442 1112 1537 brachia,
1131 1463 1178 1517 ne
1197 1443 1277 1516 eius
1295 1463 1430 1538 corpus

257 1563 494 1638 inveniretur.
520 1562 636 1659 Igitur
661 1563 791 1637 eodem
817 1584 914 1637 anno
941 1563 1145 1637 Boniiacius
1172 1570 1314 1638 tanturn
1341 1585 1431 1659 ope-

260 1688 364 1756 ratus
397 1688 452 1756 ert
483 1703 568 1757 cum
603 1682 846 1757 cardinalibus
877 1689 914 1757 et
943 1682 1074 1757 Carolo
1099 1684 1140 1777 ll,
1174 1684 1237 1777 qui
1271 1685 1430 1759 habebat

257 1822 326 1897 pro
342 1822 383 1875 se
399 1801 590 1877 duodecim
608 1802 810 1878 cardinales
835 1803 948 1876 iactos
974 1823 1040 1897 per
1058 1803 1308 1897 Coelestinum,
1330 1805 1429 1898 quod

258 1927 404 1996 creatus
422 1927 476 1995 est
492 1911 528 2013 (⁶)
545 1922 582 1994 in
602 1943 746 2017 papam.
765 1922 858 1996 Nam
876 1922 1012 1997 vadens
1029 1924 1076 1996 ad
1101 1924 1288 2018 Carnium,
1315 1924 1427 2000 dixit:

259 2041 359 2114 Bone
382 2041 476 2114 ller:
502 2042 602 2114 Tuus
631 2062 724 2137 papa
750 2041 966 2117 Coelestinus
992 2041 1106 2115 voluit
1136 2043 1277 2117 servire
1303 2043 1366 2116 tibi
1392 2043 1429 2116 in

259 2160 352 2234 bello
376 2160 516 2254 Sicilie,
543 2161 606 2235 sed
632 2161 799 2254 nescivit,
826 2161 890 2236 sed
914 2162 944 2234 si
972 2168 1011 2234 tu
1042 2161 1106 2236 das
1135 2183 1299 2257 operam,
1330 2162 1427 2257 quod

260 2281 313 2353 tui
337 2280 444 2354 amici
470 2280 670 2356 cardinales
695 2282 830 2376 eligant
852 2301 913 2355 me
928 2271 965 2374 U)
994 2301 1137 2377 papam,
1164 2303 1234 2377 ego
1256 2284 1368 2357 sciam
1391 2290 1429 2357 et

260 2401 380 2475 volam
414 2401 554 2476 servire
584 2401 658 2495 tibi,
688 2401 903 2496 promittens
932 2408 1162 2476 sacramento
1191 2423 1376 2497 apponere
1389 2394 1426 2495 (⁸)

259 2527 377 2595 totum
415 2541 521 2615 posse
560 2521 731 2594 eeclesiae.
767 2523 869 2595 Tunc
907 2541 973 2595 rex
1007 2521 1174 2616 promisit
1207 2529 1245 2594 et
1281 2522 1428 2595 ordina-

259 2640 321 2734 vit,
347 2640 446 2734 quod
480 2639 672 2714 duodecim
705 2640 906 2714 cardinales
936 2639 1043 2713 amici
1069 2640 1126 2713 sui
1151 2639 1282 2713 darent
1295 2631 1333 2731 (⁰)
1360 2639 1426 2712 sibi

258 2780 382 2853 rocem
409 2766 446 2833 et
471 2759 643 2833 continuo
664 2759 833 2833 dominus
850 2760 1040 2833 Matthaeus
1065 2758 1111 2832 de
1136 2758 1273 2832 Ursinis
1299 2764 1336 2832 et
1360 2758 1426 2832 do·

258 2879 381 2952 minus
405 2878 562 2952 lacobus
587 2878 633 2953 de
651 2879 830 2952 Columna
848 2878 1026 2974 principes
1044 2884 1229 2953 sectarum
1248 2879 1428 2952 dederunt

259 2998 325 3072 sibi
350 3018 468 3073 voces.
496 2998 539 3070 Et
564 2998 633 3071 isto
660 2996 769 3072 modo
794 2998 1011 3072 Benedictus
1033 2998 1101 3070 luit
1117 2998 1255 3072 electus
1277 3018 1370 3093 papa
1391 2998 1428 3070 in

258 3116 403 3194 civitate
428 3116 577 3212 Neapoli
602 3122 639 3205 et
663 3127 815 3193 vocatus
831 3117 1038 3192 Boniiacius
1055 3118 1131 3190 lllll
1157 3119 1192 3190 in
1219 3117 1339 3213 vigilia
1361 3138 1426 3191 na·

259 3236 405 3311 civitatis
429 3236 568 3310 Christi.
595 3237 666 3323 Qui
691 3237 810 3312 statim
838 3238 1014 3312 electione
1039 3238 1145 3331 lacta,
1167 3237 1316 3311 recessit
1340 3258 1430 3310 cum

259 3355 500 3431 cardinalibus
525 3354 571 3429 de
596 3355 744 3449 Neapoli
770 3363 807 3429 et
832 3356 932 3430 venit
953 3356 1120 3450 Romam,
1137 3364 1175 3430 et
1193 3357 1352 3429 multum
1375 3355 1428 3431 la·

259 3475 404 3549 boravit
427 3496 493 3570 pro
518 3475 649 3550 Carolo
669 3497 737 3570 pro
753 3476 977 3569 acquirenda
995 3476 1123 3549 Sicilia.
1144 3476 1208 3549 Hic
1224 3476 1429 3550 Boniiacius

259 3593 327 3667 luit
352 3594 479 3668 nobilis
503 3615 652 3691 genere,
671 3615 826 3691 magnus
851 3594 986 3689 animo,
1004 3595 1197 3689 plusquam
1216 3594 1343 3670 deceat
1369 3617 1428 3670 sa·

260 3712 458 3807 cerdotem,
484 3713 740 3807 dominativus,
760 3720 905 3787 amator
931 3713 1079 3787 honoris
1104 3719 1141 3787 et
1166 3720 1281 3788 status
1307 3716 1427 3789 eccle·

260 3835 339 3929 siae3
358 3839 479 3908 elsua
496 3833 688 3927 prudentia
705 3840 742 3909 et
759 3833 919 3927 potentia
939 3834 1098 3906 multum
1115 3833 1181 3906 luit
1200 3834 1424 3927 formidatus,

260 3953 326 4026 init
350 3955 570 4048 pecuniosus
590 3954 703 4049 valde,
724 3954 947 4047 amplectens
967 3955 1072 4027 lucra
1094 3953 1171 4028 sine
1196 3956 1427 4047 conscientia,

263 4105 308 4112 ..-
815 4106 1426 4124 ---.--...--.-.-.-..,..-....

322 4182 348 4244 (¹)
364 4183 396 4232 E.
412 4189 533 4246 potuerat
550 4186 708 4235 renuntiare.

319 4257 347 4319 (¹)
364 4262 417 4320 116,
433 4265 501 4311 osset
517 4261 571 4324 ipse
587 4266 645 4324 post
660 4267 773 4312 mortem
788 4261 875 4311 eiecti.
1104 4261 1132 4324 (‘)
1148 4261 1179 4310 B.
1193 4262 1278 4310 electi.

320 4333 347 4397 (⁸)
364 4338 418 4394 sse,
436 4337 632 4398 parvula-ll.
650 4337 758 4400 parvula
774 4337 882 4388 ecclesia
898 4337 1037 4388 Sulmone.
1249 4380 1252 4390 .
1287 4350 1292 4356 ·

319 4408 347 4471 (’)
365 4414 418 4471 116,
435 4411 483 4461 sub
500 4417 605 4463 terram.
1105 4411 1131 4474 (ll
1150 4416 1203 4472 tta,
1220 4417 1259 4462 est
1275 4425 1348 4475 papa.

321 4484 348 4547 ζ’)
364 4486 395 4536 Β.
411 4499 454 4536 me
469 4489 497 4538 in
512 4501 604 4552 papam
619 4502 669 4553 ego
686 4491 780 4541 volam.
1106 4486 1132 4549 (¹)
1148 4488 1179 4538 E.
1196 4487 1319 4552 apposito.

322 4561 349 4625 (⁹)
365 4562 396 4613 Il.
413 4563 504 4614 darent
519 4566 566 4615 sibi
583 4578 669 4628 voees,
686 4571 713 4618 et
729 4566 778 4618 isto
794 4566 881 4617 modo.
