3720 5566
610 486 747 542 caurus
772 485 929 541 necinus
954 484 1125 540 curares.
1428 475 1449 539 ὅ

278 655 426 731 poenam
452 632 581 729 primae
606 631 745 706 iraudis
760 622 797 725 (¹)
819 630 863 704 in
893 630 1100 705 cummuni:
1127 631 1173 706 ad
1198 631 1305 705 cuius
1329 630 1451 705 decla·

278 757 460 830 rationem
485 753 569 828 velo
595 759 632 828 te
657 758 786 827 neure
800 742 851 845 (¹),
866 751 965 846 quod
982 752 1050 825 ista
1066 751 1185 847 prima
1202 752 1326 847 bulgia
1343 772 1453 848 supe·

279 877 355 952 rior
389 882 445 950 est
474 874 593 948 maier
623 873 776 968 ceteris,
804 880 844 947 ,et
873 871 990 968 magis
1024 878 1168 946 remota
1197 894 1220 947 a
1250 880 1388 967 centro²
1415 880 1453 947 et

277 996 439 1071 continet
472 993 653 1068 maiorem
683 991 967 1086 multitudinem,
993 991 1057 1066 sed
1083 992 1192 1065 habet
1221 992 1397 1067 leviorem
1411 982 1451 1083 (³)

280 1137 438 1211 poenam.
457 1113 560 1190 Unde
577 1119 686 1188 autur
708 1119 831 1187 servat
850 1112 1031 1208 optimum
1049 1110 1232 1206 ordinem3
1251 1112 1337 1206 quia
1357 1112 1452 1193 sicut

279 1257 391 1332 supra
410 1236 534 1310 volens
550 1233 758 1308 describere
777 1252 904 1328 poenas
922 1232 1223 1308 incontinentium
1250 1231 1396 1328 incoepit
1412 1219 1447 1323 (⁸)

279 1379 302 1430 a
326 1356 486 1449 luxuria,
508 1374 592 1448 quae
618 1353 727 1427 habet
752 1352 874 1425 minus
899 1353 1017 1446 culpae
1041 1358 1078 1427 et
1102 1352 1183 1447 plus
1208 1351 1381 1446 iniamiae3
1400 1351 1450 1426 ita

281 1475 339 1551 hic
372 1477 498 1549 velens
528 1471 737 1547 describere
770 1491 897 1567 poenas
922 1470 1254 1566 fraudulentorum,
1281 1472 1451 1569 incipite

281 1595 413 1670 fraude
437 1614 521 1688 quae
545 1592 585 1665 lit
611 1592 708 1666 circa
733 1591 1033 1685 luxuriamque
1060 1591 1223 1666 similiter
1245 1593 1355 1666 habet
1381 1593 1451 1666 mi-

282 1739 353 1792 nus
386 1715 501 1810 culpae
530 1719 567 1788 et
595 1714 677 1808 plus
713 1711 881 1786 inlamiae.
913 1712 1069 1786 Ulterius
1099 1712 1145 1786 ad
1178 1712 1451 1809 intelligendum

280 1839 381 1912 clare
406 1835 561 1910 termam
584 1833 686 1907 istius
703 1852 822 1928 poenae
842 1832 954 1907 debes
972 1838 1113 1927 notare,
1131 1832 1230 1926 quod
1245 1833 1379 1928 duplex
1398 1840 1453 1908 est

280 1957 417 2053 species
442 1953 699 2050 decipientium
727 1952 900 2028 mulieres
925 1953 989 2047 qui
1014 1953 1072 2028 hic
1098 1954 1317 2049 puniuntur:
1339 1954 1451 2048 aliqui

282 2077 379 2152 enim
405 2081 491 2149 sunt
516 2074 580 2169 qui
604 2073 833 2148 seduxerunt
859 2073 1033 2149 mulieres
1058 2095 1125 2169 pru
1154 2075 1233 2149 aliis
1258 2096 1322 2170 spe
1347 2075 1451 2168 lucri,

282 2197 341 2272 vel
365 2195 515 2269 alterius
540 2192 735 2288 commodi,
754 2199 791 2267 et
815 2193 873 2267 isti
899 2199 984 2267 sunt
1010 2193 1153 2268 viliores
1167 2186 1217 2288 (⁵),
1244 2201 1281 2269 et
1294 2194 1452 2290 proprie

281 2316 509 2412 appellantur
534 2316 704 2388 lenones:
730 2313 790 2388 alii
816 2320 901 2387 sunt
926 2314 990 2408 qui
1019 2314 1246 2389 seduxerunt
1278 2315 1452 2391 mulieres
1522 2398 1526 2407 ,

281 2457 348 2531 pro
372 2457 413 2510 se
441 2442 597 2528 tautum,
628 2433 881 2529 premittentes
913 2433 979 2508 sihi
1008 2434 1234 2530 coniugium,
1266 2442 1303 2510 et
1327 2443 1453 2530 postea

280 2556 444 2632 fallentes
468 2554 578 2628 tidem
604 2554 726 2629 datam
733 2577 743 2646 ;
762 2573 871 2649 poena
889 2573 979 2650 crgo
997 2553 1151 2627 istorum
1172 2561 1228 2628 est
1245 2553 1335 2647 talis,
1354 2553 1453 2648 qued

279 2682 439 2751 currunt
464 2674 636 2749 velociter
662 2695 728 2769 per
754 2675 887 2750 vallem
910 2674 1089 2749 lrentibus
1109 2674 1271 2748 adversis
1297 2695 1362 2769 per
1387 2696 1453 2770 ep-

283 2798 454 2893 pcsitum‚
481 2796 530 2871 ita
556 2794 656 2889 qued
681 2817 755 2869 una
776 2816 867 2892 gens
887 2795 1005 2869 currit
1021 2815 1044 2869 a
1062 2794 1182 2870 medie
1200 2795 1333 2892 bulgiae
1349 2794 1453 2890 citra,

281 2917 356 2991 alia
380 2937 402 2990 a
428 2915 548 2990 medio
574 2914 687 2988 ultra:
714 2914 833 3008 prima
865 2920 920 2989 est
949 2913 1009 2988 illa
1034 2935 1125 3010 gens
1150 2935 1234 3009 quae
1260 2915 1401 3011 decepit
1416 2905 1452 3008 (⁰)
1498 3006 1502 3011 .

281 3035 447 3111 dominas
472 3036 509 3108 in
536 3033 693 3132 gratiam
718 3035 894 3128 aliorum3
912 3035 1074 3109 secunda
1100 3041 1155 3110 est
1179 3056 1269 3132 gens
1285 3057 1370 3130 quae
1390 3037 1455 3111 de-

281 3155 377 3250 cepit
391 3144 427 3247 (⁷)
463 3154 629 3228 dominas
660 3154 930 3230 adulationibus
959 3160 997 3229 et
1030 3154 1216 3249 promissis
1240 3176 1308 3250 pro
1342 3176 1393 3249 se,
1420 3163 1457 3231 et

284 3283 409 3370 postea
433 3274 607 3349 fallaciter
630 3285 671 3351 et
695 3274 838 3371 ingrate
855 3274 1073 3349 dimiserunt
1089 3296 1163 3368 eas,
1181 3276 1305 3351 habito
1322 3297 1455 3352 eorum

284 3394 422 3468 intente
432 3417 442 3487 3
461 3400 498 3468 et
522 3400 602 3488 pest
621 3414 685 3469 ees
704 3394 843 3469 vadunt
859 3393 1044 3468 daemones
1061 3402 1252 3470 currentes
1273 3417 1361 3469 cum
1379 3397 1457 3470 vir-

281 3514 337 3611 gis
361 3513 491 3588 ferreis
515 3513 688 3589 caedendo
713 3530 776 3588 ees
802 3514 1008 3587 crudeliter.
1028 3512 1081 3588 Ad
1102 3514 1244 3589 literam
1264 3536 1353 3611 erge
1371 3515 1457 3591 dicit

280 3641 416 3709 auter:
453 3636 524 3707 vidi
551 3656 575 3706 a
600 3638 636 3708 lc
658 3641 749 3707 'man
781 3637 911 3708 dentre
940 3655 1034 3707 nova
1057 3631 1166 3727 pieta,
1197 3634 1288 3709 idest
1322 3655 1456 3710 nevam

284 3774 443 3849 poenam,
477 3754 564 3848 quia
596 3761 706 3830 auter
736 3755 782 3830 de
802 3752 912 3833 'neve
938 3754 1040 3851 lingit
1071 3775 1166 3849 eam,
1197 3777 1310 3849 quam
1346 3779 1457 3833 num·

283 3894 398 3968 quam
412 3863 448 3965 (⁸)
476 3874 569 3948 alius
598 3875 765 3969 tinxerat,
792 3881 830 3949 et
859 3874 971 3949 etiam
1000 3874 1088 3969 quia
1118 3886 1200 3953 erat
1229 3898 1336 3971 nova,
1367 3879 1459 3954 idest

285 3994 428 4069 diversa
459 3994 507 4068 ab
537 3994 628 4089 aliis,
660 4017 679 4069 e
707 3999 790 4069 uoci
814 3998 1013 4090 sectatori,
1045 3995 1137 4071 idest
1164 4003 1458 4093 tormentatereS,

286 4114 485 4207 punitores,
516 4112 651 4188 scilicet
683 4114 868 4189 demones
897 4115 1111 4212 fustigantes
1141 4136 1205 4190 ecs
1237 4117 1390 4210 duriter,
1422 4119 1461 4190 di

349 4376 377 4440 (¹)
393 4377 424 4427 ll.
440 4377 546 4440 fraudis,
563 4380 661 4432 scillcet
676 4383 703 4432 ln
719 4382 861 4432 communi.
913 4382 940 4444 (¹)
956 4382 981 4432 S.
998 4382 1073 4432 scire.

349 4452 375 4514 l')
396 4452 422 4504 S.
439 4454 575 4506 minorem.
912 4458 939 4521 (¹)
957 4462 1011 4518 llll,
1028 4457 1125 4521 incipit.

349 4530 377 4590 (⁸)
394 4531 425 4580 E.
441 4531 552 4597 viliores.
569 4532 623 4584 Alii
640 4539 708 4585 sunl.
910 4533 938 4596 (⁸)
955 4538 1010 4594 116,
1027 4534 1121 4598 decipit
1137 4533 1260 4585 mulieres
1276 4535 1302 4584 in
1319 4532 1437 4600 gretiam

349 4604 376 4668 0)
393 4610 447 4668 lla,
465 4607 567 4673 decipit.
911 4610 939 4673 (¹)
955 4611 986 4662 E.
1002 4625 1135 4677 nunquam
1151 4612 1269 4663 duxerat.
