3720 5566
570 518 707 574 cunnus
733 518 889 574 bacmos
914 520 1083 577 ocrxvus.
1363 515 1410 581 29

236 686 335 740 nuuc
360 673 417 741 est
449 672 525 739 tam
551 665 766 759 deformata,
792 671 829 740 et
861 665 1043 739 sordidata
1075 671 1258 762 stercore3
1285 676 1321 743 ot
1348 668 1410 743 ubi

237 795 318 862 erat
344 794 420 862 tam
446 787 556 883 polita
571 781 608 881 (¹)
636 799 674 865 et
698 795 839 882 ornata,
857 810 956 863 nunc
975 796 1029 863 est
1058 790 1108 863 ita
1133 789 1202 864 irta
1217 784 1254 883 (²)
1282 799 1320 867 et
1344 793 1410 869 de-

237 909 420 1004 capillata;
447 909 534 1003 quia
563 908 627 981 ubi
660 908 809 983 Alexius
838 908 1066 1003 percutiebat
1094 908 1161 982 sibi
1187 918 1297 1004 caput
1322 933 1407 986 cum

238 1050 350 1103 manu
376 1050 444 1125 pro
470 1029 608 1122 dolore,
634 1029 701 1102 ista
727 1029 911 1103 lacerabat
927 1018 964 1120 (³)
984 1028 1051 1102 sibi
1073 1029 1190 1104 crines
1216 1050 1303 1104 cum
1331 1053 1411 1105 ma-

238 1148 356 1242 nibus,
374 1155 411 1223 et
436 1149 615 1224 exarabat
639 1148 706 1221 sibi
731 1168 845 1243 genas
862 1169 948 1222 cum
967 1147 1170 1245 unguibus3
1189 1150 1287 1224 unde
1307 1151 1409 1225 dicit:

237 1271 297 1340 clu
323 1259 409 1341 ldse
424 1272 554 1360 prcfflo
570 1289 637 1340 con
653 1270 813 1358 l'unoltic
833 1271 1001 1341 merdoso.
1023 1269 1067 1341 Et
1088 1269 1146 1343 hic
1167 1276 1263 1363 nota,
1281 1271 1407 1367 lector,

238 1390 336 1482 quod
362 1390 467 1463 multi
484 1378 521 1481 (⁴)
548 1389 730 1461 mirantur
755 1395 792 1462 et
818 1387 1016 1462 truliautur
1047 1389 1094 1463 do
1123 1389 1193 1463 isto
1219 1390 1328 1464 modo
1353 1391 1409 1465 lo-

237 1509 373 1605 quendi
400 1517 473 1583 tam
499 1510 632 1603 inepto,
659 1529 734 1602 quo
759 1514 867 1582 autor
882 1508 1010 1615 'utitur
1043 1508 1237 1602 aliquando
1269 1510 1306 1583 in
1340 1511 1407 1585 ista

236 1629 412 1723 materia;
430 1629 491 1703 sed
511 1636 611 1703 certe
637 1649 710 1702 uon
736 1634 878 1722 poterat
896 1627 1026 1702 melius
1046 1629 1158 1722 loqui,
1176 1629 1405 1705 considerata

235 1768 394 1843 persona
420 1749 466 1823 de
491 1770 562 1842 qua
588 1748 764 1842 loquitur,
791 1747 877 1841 quia
902 1767 1091 1821 sermones
1117 1755 1202 1822 sunt
1228 1749 1405 1824 formandi

237 1869 441 1944 secundum
465 1868 666 1943 subiectam
688 1868 881 1943 materiam
894 1860 943 1959 (ὅ).
959 1868 1087 1942 Nonne
1104 1869 1216 1943 sancti
1238 1868 1407 1944 doctores

237 1989 374 2063 nedum
392 1997 510 2082 poetae
527 1989 592 2082 qui
608 1989 743 2063 habent
760 1989 938 2084 majorem
958 1986 1140 2063 licentiam
1158 1988 1299 2062 caeteris
1317 1988 1407 2062 scri-

236 2109 404 2183 bentibus
431 2115 586 2185 utuntur
611 2129 708 2204 saepe
733 2108 909 2182 similibus
934 2108 1190 2183 sermonibus?
1215 2108 1408 2197 Quomodo

236 2234 378 2322 poterat
402 2234 511 2303 autor
535 2229 699 2323 pulcrius
732 2228 832 2322 loqui
862 2228 908 2303 de
941 2228 1135 2305 meretrice
1166 2228 1407 2322 impudentis-

237 2347 357 2421 sima?
382 2349 481 2422 Beue
498 2338 534 2439 (⁶)
562 2347 646 2422 dicit
671 2349 864 2422 Salomon:
895 2350 1015 2421 Omnis
1029 2352 1229 2442 summario
1245 2356 1296 2422 est
1316 2356 1406 2422 ster-

235 2489 295 2541 cus
319 2472 554 2541 coambulant
577 2472 616 2540 in
640 2472 712 2560 oia,
731 2469 847 2562 qualis
872 2468 940 2542 suit
961 2469 1028 2542 ista
1054 2490 1189 2565 magua
1216 2469 1402 2544 meretrix.

235 2588 406 2662 Meretrix
421 2588 517 2661 enim
531 2588 676 2681 dicitur,
690 2587 794 2681 quasi
808 2588 940 2663 merito
955 2587 1055 2681 trita3
1073 2594 1110 2661 et
1128 2588 1242 2684 tangit
1259 2608 1401 2661 morem

235 2707 438 2783 meretricis
464 2728 547 2801 quae
573 2727 777 2801 numquam
804 2706 957 2800 quiescit
974 2707 1009 2780 iu
1028 2708 1119 2801 loco,
1137 2707 1213 2782 imo
1230 2713 1285 2781 est
1306 2726 1406 2780 sem-

237 2849 302 2923 per
327 2829 363 2901 in
389 2827 563 2902 continuo
590 2835 705 2922 motu,
732 2827 869 2901 dicens:
896 2835 929 2900 ct
952 2848 995 2899 or
1020 2820 1407 2918 reuocauerunt

234 2951 272 3020 in
293 2950 386 3039 piacli
401 2954 525 3038 stane,
542 2947 632 3021 idest
657 2954 694 3021 ot
719 2967 817 3020 nunc
834 2947 934 3041 ponit
950 2968 990 3021 se
1006 2947 1053 3021 ad
1073 2948 1286 3043 sedendum,
1305 2966 1403 3022 nunc

235 3074 303 3141 stat
329 3073 428 3141 recta
442 3056 479 3159 (⁷)
501 3066 537 3139 in
563 3067 724 3162 pedibus.
743 3066 846 3140 Unde
863 3065 1035 3140 Salomon
1054 3069 1208 3162 loquens
1225 3067 1270 3141 de
1289 3067 1349 3140 tali
1364 3057 1404 3159 (⁸)

234 3187 335 3261 dicit:
353 3193 398 3259 nt
412 3208 487 3258 ecce
503 3189 625 3259 multer
641 3193 770 3259 ornata
787 3189 980 3258 merctrtcio
993 3194 1216 3279 proparate,
1233 3189 1401 3279 penula,

235 3327 343 3397 copo,
356 3309 474 3397 mietio
498 3309 690 3397 impelleres,
708 3327 780 3379 non
805 3309 923 3379 calens
939 3311 1126 3380 conectere
1137 3309 1281 3399 pedibus
1297 3311 1403 3381 domo

234 3448 301 3500 suc
315 3417 366 3519 (⁹),
380 3429 629 3518 apprehensum
650 3429 869 3501 deosculato
884 3428 1064 3518 juvenem,
1081 3435 1114 3500 et
1129 3431 1276 3521 procaci
1299 3429 1401 3500 blon-

234 3550 329 3620 ditnr
355 3551 459 3638 onim,
484 3550 620 3620 dicens:
645 3551 735 3639 oeni,
766 3549 976 3621 inebriemur
1007 3548 1178 3640 ubaldus,
1210 3556 1243 3621 et
1270 3552 1403 3640 cupidis

79 3653 90 3670 '
231 3671 398 3759 fruamur
422 3669 650 3759 amplexibus,
676 3670 887 3759 transplantati
910 3671 1001 3741 enim
1022 3668 1262 3759 saffitnjecur
1281 3688 1401 3741 annam.

234 3785 290 3860 Sic
317 3792 418 3859 recte
442 3785 585 3860 dicebat
612 3786 718 3859 Tbais
743 3786 789 3860 ad
805 3787 982 3881 juvenem
1001 3787 1047 3861 de
1064 3808 1139 3880 quo
1155 3787 1279 3860 scribit
1295 3787 1402 3861 AEso·

233 3927 310 3999 pus.
338 3906 383 3978 Et
407 3905 576 3980 describit
601 3926 684 3981 eam
710 3928 732 3980 a
757 3906 906 3981 nomine
934 3907 1093 4001 proprio,
1119 3906 1260 3981 dicens:
1298 3909 1405 3980 Toide

232 4023 269 4099 de
297 4030 334 4100 la
356 4033 516 4119 pultuna.
551 4027 634 4099 Fuit
665 4027 774 4100 etiam
807 4027 878 4101 alia
912 4027 1019 4101 Thais
1053 4027 1193 4102 famosa
1227 4026 1402 4101 meretrix

231 4146 426 4221 Alexandri
453 4147 587 4242 magui,
614 4167 698 4240 quae
730 4167 815 4221 cum
847 4147 1054 4222 Alexandro
1084 4148 1229 4222 ebrioso
1255 4144 1403 4218 immisit

293 4351 319 4410 (¹)
336 4350 366 4399 Ε.
384 4350 484 4412 pulcra.
899 4351 927 4413 (¹)
943 4352 974 4400 E.
991 4351 1072 4401 irrita.

293 4424 320 4487 (¹)
338 4430 392 4483 llo,
408 4425 514 4476 lacerat.
901 4425 928 4489 (¹)
945 4427 970 4476 S.
988 4427 1066 4490 aliqui
1082 4427 1126 4477 bic
1142 4424 1280 4475 ntirantur.

292 4501 319 4561 (⁸)
334 4501 360 4551 S.
378 4514 513 4563 personam
530 4503 573 4555 rcl
588 4504 731 4554 materiam.
901 4502 929 4566 (¹)
945 4503 976 4553 B.
993 4502 1025 4553 de
1041 4516 1092 4567 qua
1108 4503 1173 4552 beno
1189 4499 1261 4549 dicit.

293 4579 320 4640 β)
336 4578 362 4628 S.
381 4584 450 4628 rectu
468 4579 493 4628 iu
511 4581 611 4643 pedem
622 4581 690 4631 —E.
707 4585 794 4632 erecta
810 4581 837 4630 iu
853 4580 969 4643 pedibus.

293 4655 320 4719 (¹)
336 4655 362 4705 S.
378 4655 411 4705 do
427 4655 529 4707 talibus.
904 4658 931 4721 Ρ)
947 4659 978 4710 Ε.
994 4659 1021 4710 iu
1036 4656 1115 4711 domo
1130 4671 1184 4708 sna.
