3720 5566
426 484 470 551 18
822 492 1028 549 ecmannum
1052 492 1203 545 insnum

422 641 510 713 ebio.
537 640 642 713 Nunc
666 642 776 711 autor
800 636 957 711 ostendit
982 636 1168 730 quomodo
1193 635 1281 709 dum
1309 640 1449 709 starent
1471 633 1598 709 intenti

422 758 469 833 ad
495 758 762 854 respiciendum
788 757 874 832 istos
899 756 1070 854 Virgilius
1099 756 1299 830 ostenderit
1312 748 1349 847 (¹)
1378 755 1445 830 sibi
1471 756 1599 853 singu-

420 880 536 954 larem
563 878 685 953 virum
712 878 893 952 illustrem
914 876 1110 969 antiquum
1131 875 1236 949 valde
1256 880 1424 949 notatum
1446 876 1596 950 infamia

419 998 640 1094 deceptionis
654 997 873 1090 mulierum,
887 1003 925 1070 et
942 996 1009 1071 iste
1026 1002 1107 1070 erat
1124 994 1243 1069 lason.
1263 994 1354 1070 uicit
1371 1015 1463 1092 ergo
1475 996 1597 1091 primo

419 1117 613 1193 ostendens
639 1117 825 1212 quomodo
851 1116 1013 1189 stabant:
1038 1136 1116 1210 nos,
1134 1115 1305 1212 Virgilius
1323 1124 1361 1190 et
1384 1137 1467 1214 ego,
1483 1138 1598 1209 puar-

422 1241 552 1312 dccum
578 1242 642 1313 dul
665 1240 799 1311 occulato
825 1243 943 1329 potue,
976 1236 1112 1311 scilicet
1144 1240 1280 1310 stantes
1305 1236 1341 1309 iu
1375 1237 1443 1311 isto
1475 1245 1598 1334 ponte,

422 1361 486 1455 qui
513 1368 567 1435 est
588 1359 748 1435 veterior
768 1379 880 1452 quam
898 1378 989 1453 pons
1005 1362 1112 1430 vetus
1128 1356 1216 1429 Arni
1233 1356 1280 1430 de
1296 1356 1492 1452 Florentia,
1509 1359 1598 1453 quia

423 1481 559 1557 scilicet
574 1487 630 1556 est
646 1488 825 1571 aeternus3
847 1478 1131 1573 respiciebamus
1152 1480 1189 1550 lo
1209 1480 1355 1570 traceio,
1378 1478 1470 1554 idest
1491 1481 1597 1555 istam

424 1619 559 1675 novam
585 1600 732 1673 turbam
758 1599 818 1671 cde
843 1599 945 1671 venia
970 1617 1072 1670 uerso
1092 1599 1198 1689 uode
1222 1600 1293 1690 cle,
1317 1599 1409 1673 idest
1430 1606 1467 1673 et
1484 1622 1598 1694 quam

423 1720 609 1813 brucciam,
637 1722 673 1792 lu
695 1721 822 1812 ferma,
848 1717 939 1791 idest
959 1716 1076 1813 virga,
1098 1720 1471 1812 cneocaesaream
1493 1720 1599 1814 quasi
1676 1717 1679 1721 ’

423 1839 530 1934 dicat,
556 1839 620 1934 qui
646 1839 811 1912 similiter
836 1837 1019 1911 habebant
1036 1837 1082 1912 de
1098 1838 1275 1912 baculatis
1296 1838 1400 1912 sicuti
1418 1839 1536 1933 primi.
1556 1841 1600 1913 Et

422 1960 512 2034 dum
539 1960 589 2033 sic
615 1959 907 2054 respiceremus:
942 1960 976 2031 et
998 1960 1068 2030 mio
1094 1965 1247 2031 maestro
1278 1961 1369 2032 disse
1392 1980 1501 2032 scazo
1527 1962 1599 2033 natu

424 2082 607 2171 minando,
634 2079 719 2172 quia
745 2078 923 2174 praevenit
949 2097 1009 2151 me
1035 2077 1072 2149 in
1094 2078 1250 2152 materia
1276 2078 1462 2153 notissima
1478 2070 1527 2171 (²).
1554 2080 1598 2153 Et

424 2198 483 2272 bic
509 2204 595 2273 nota
621 2220 733 2292 quam
759 2198 950 2291 subtiliter,
977 2217 1091 2290 quam
1117 2196 1311 2293 magnifice
1327 2205 1436 2272 autor
1461 2199 1598 2274 descri-

425 2318 478 2393 bit
490 2309 528 2411 (Β)
556 2317 676 2391 virum
689 2305 726 2409 (⁴)
752 2317 1048 2411 illustrissimum,
1074 2316 1194 2411 primo
1211 2338 1232 2390 a
1251 2317 1494 2412 pulcritudine
1513 2339 1598 2393 cor-

426 2437 535 2533 poriS,
552 2436 691 2511 dicens:
717 2439 861 2527 puurdu
878 2439 956 2529 quel
978 2438 1117 2527 prauae
1136 2438 1197 2509 circ
1216 2439 1334 2530 otenc3
1355 2436 1463 2511 Iason
1484 2438 1598 2532 siqui-

427 2556 510 2631 dem
533 2554 602 2629 iuit
618 2577 774 2652 magnus
791 2575 959 2649 corpore,
972 2555 1035 2629 sed
1053 2555 1171 2629 maior
1189 2557 1329 2650 anim03
1347 2578 1370 2631 a
1387 2556 1597 2633 fortitudine

425 2676 550 2770 animi,
577 2697 662 2751 cum
689 2676 793 2750 dicit:
820 2697 838 2748 e
862 2696 934 2748 nort
953 2695 1029 2767 par
1054 2677 1203 2766 lumime
1227 2678 1366 2768 sponda
1385 2698 1454 2768 per
1479 2680 1596 2768 dolor,

426 2796 531 2888 quasi
556 2795 669 2868 dicat:
695 2814 784 2868 vere
806 2795 918 2869 virilis
935 2801 1003 2888 est,
1021 2794 1107 2887 quia
1129 2794 1209 2868 viro
1234 2795 1317 2869 lorti
1335 2815 1409 2869 non
1428 2796 1598 2871 convenit

426 2914 610 2987 lacrimari
635 2934 742 2988 more
766 2915 984 3009 mulierum3
1010 2934 1032 2987 a
1057 2914 1243 2988 nobilitate
1260 2915 1416 3011 generis,
1434 2937 1522 2990 cum
1543 2916 1599 2990 di-

425 3033 489 3107 cit:
516 3039 645 3124 quanto
671 3041 802 3125 aspctto
826 3038 906 3108 real
929 3054 1041 3107 curor
1057 3037 1187 3107 ritene!
1206 3034 1289 3107 Fuit
1308 3035 1405 3109 enim
1427 3035 1534 3110 Iason
1551 3035 1598 3108 de

425 3153 537 3247 stirpe
564 3153 689 3249 regali,
703 3153 798 3227 filius
824 3154 922 3250 regis
946 3162 983 3228 et
1008 3175 1121 3249 nepos
1139 3154 1251 3250 regis3
1269 3160 1306 3227 et
1321 3173 1517 3249 oppressus
1533 3153 1599 3228 ad·

425 3275 540 3348 versis
566 3280 601 3349 et
627 3274 800 3369 spoliatus
833 3295 961 3370 regno,
987 3274 1105 3349 lactus
1136 3281 1191 3349 est
1220 3274 1380 3370 probior,
1406 3281 1449 3346 ut
1473 3280 1598 3369 postea

426 3392 570 3487 dicam3
606 3414 630 3468 a
668 3394 816 3468 nomine
841 3394 1000 3490 proprio,
1030 3415 1116 3468 cum
1146 3393 1254 3467 dicit:
1281 3395 1315 3466 cl
1337 3389 1374 3466 de
1406 3398 1542 3488 Jcson5
1575 3414 1598 3468 a

426 3513 620 3609 prudentia
645 3521 683 3587 et
706 3513 869 3608 audacia,
896 3535 982 3588 cum
1010 3514 1118 3588 dicit:
1139 3517 1199 3586 cde
1220 3517 1312 3607 sure,
1336 3512 1428 3595 idest
1452 3513 1548 3608 lecit,
1573 3516 1600 3587 li

427 3635 547 3723 cotcla',
575 3632 665 3707 idest
694 3635 846 3729 populos
876 3635 1090 3709 colchorum
1117 3634 1154 3706 in
1179 3634 1449 3729 septemtrione.
1475 3633 1597 3709 Colchi

428 3752 526 3826 enim
553 3752 702 3828 luerunt
727 3754 765 3826 in
789 3760 957 3829 extremo
982 3754 1099 3847 Ponti,
1124 3753 1216 3828 idest
1241 3753 1390 3848 majoris
1415 3754 1539 3849 maris,
1561 3754 1598 3826 in

428 3877 540 3965 terra,
562 3893 634 3945 non
648 3864 685 3964 (⁵)
705 3872 834 3969 insula,
853 3879 895 3946 ut
912 3873 1060 3967 quidam
1079 3872 1168 3946 salso
1184 3872 1327 3966 dicunt,
1346 3874 1486 3947 namin
1505 3872 1598 3947 mari

429 3992 559 4086 majori
584 3992 683 4067 nulla
708 4000 763 4067 est
788 3993 917 4088 insula,
944 4001 981 4067 et
1006 3992 1114 4067 Iason
1147 3993 1314 4068 transivit
1338 4013 1405 4089 per
1430 3993 1599 4069 strictum

427 4111 541 4185 maris
566 4112 660 4186 inter
686 4113 832 4193 Troiam
858 4120 896 4188 et
920 4112 1100 4187 Graeciam
1126 4113 1164 4186 in
1190 4113 1310 4208 ipsum
1337 4134 1442 4188 mure
1467 4113 1598 4208 maius,

427 4230 526 4324 quod
552 4237 671 4306 toturn
699 4232 925 4305 transcurrit.
958 4234 1044 4307 ldeo
1074 4233 1181 4308 dicit:
1213 4233 1313 4328 quod
1345 4233 1429 4308 lecit
1454 4235 1601 4308 oolcbos

421 4355 558 4444 privat
590 4355 648 4425 det
675 4360 849 4442 montom,
881 4352 972 4427 idest
1002 4374 1119 4428 aureo
1151 4354 1299 4449 vellere,
1326 4354 1373 4428 de
1403 4374 1478 4448 quo
1502 4354 1602 4427 dice-

489 4537 517 4599 (Ἴ
534 4542 589 4598 ltu,
605 4539 725 4590 ostendit.
897 4539 925 4601 (²)
942 4541 973 4590 E.
990 4540 1139 4591 norissima.
1311 4540 1338 4603 (Ἴ
1355 4541 1386 4592 Ε.
1403 4540 1539 4591 describat.

490 4614 516 4676 [Ἴ
534 4617 588 4675 mc,
605 4616 690 4667 virum
708 4619 793 4668 istum.
899 4616 927 4679 (⁸)
945 4620 1000 4678 116,
1019 4630 1071 4667 non
1087 4618 1114 4666 in
1130 4617 1222 4668 insula.
