3720 5566
411 492 455 557 14
810 503 1015 561 COMENTUM
1039 506 1191 560 INFERNI

408 647 587 744 dispositae
612 649 660 724 ad
689 649 885 724 dicendum
919 652 1000 745 boc,
1033 651 1117 726 licet
1146 650 1256 725 modo
1286 652 1481 727 actualiter
1510 674 1584 729 nou

406 767 537 842 dicant.
564 771 608 843 Et
641 775 767 844 tamen
800 790 873 843 uou
902 770 1070 845 rideatur
1097 769 1160 844 tibi
1176 764 1213 862 (¹)
1244 770 1366 845 dicere
1397 792 1477 847 rem
1504 795 1586 849 ma-

405 907 529 983 gnam,
544 888 691 983 quando
708 888 805 983 dicit,
823 888 921 982 quod
938 891 1063 984 plures
1080 900 1166 966 sunt
1181 891 1423 966 bononienses
1446 895 1584 969 mortui

407 1009 522 1102 puniti
540 999 794 1103 1113(1),33313
813 1009 883 1082 sint
899 1009 973 1085 vivi
991 1011 1028 1083 in
1046 1011 1228 1106 Bononia3
1247 1012 1334 1106 quia
1360 1034 1433 1088 non
1459 1015 1582 1110 credo,

405 1127 505 1220 quod
531 1129 576 1202 sit
601 1127 725 1222 aliqua
750 1134 850 1202 terra
877 1135 952 1202 tam
978 1151 1092 1226 parva
1117 1130 1155 1203 in
1180 1112 1331 1225 mundo,
1349 1132 1396 1207 de
1417 1155 1491 1226 qua
1509 1154 1583 1208 uon

406 1247 478 1321 sint
502 1249 626 1344 plures
640 1238 677 1342 (1)
707 1251 854 1324 lenones
874 1249 911 1322 in
931 1250 1085 1345 1313130,
1103 1272 1216 1345 quam
1235 1251 1306 1326 sint
1322 1273 1398 1326 uno
1416 1258 1583 1349 tempore

407 1369 572 1444 viventes
589 1371 626 1443 13
647 1370 820 1464 Β333313,
840 1375 877 1444 31
898 1371 1088 1464 loquentes
1110 1372 1266 1468 vulgare
1287 1373 1583 1448 bononiensem

406 1487 474 1562 ista
500 1490 626 1565 civitas
651 1496 706 1563 est
731 1490 838 1565 bodie
859 1490 944 1563 satis
961 1497 1118 1587 purgata
1138 1491 1205 1566 isto
1220 1479 1256 1583 (1)
1279 1492 1387 1586 viti03
1405 1498 1443 1566 et
1458 1499 1583 1568 tamen

406 1616 516 1683 autor
542 1609 625 1683 lacit
651 1608 755 1683 citius
785 1609 1009 1683 mentionem
1040 1609 1086 1684 de
1119 1630 1193 1684 una
1226 1617 1325 1686 terra
1356 1612 1517 1687 studiosa
1547 1618 1584 1688 et

407 1727 558 1821 lamosa,
585 1749 698 1822 quam
722 1728 769 1803 de
793 1729 874 1803 3113.
902 1729 1010 1803 Certe
1041 1732 1168 1804 multae
1193 1737 1279 1805 sunt
1305 1738 1415 1806 terrae
1440 1738 1478 1805 et
1503 1754 1583 1807 ma-

405 1867 501 1943 gnae,
520 1848 557 1921 in
575 1848 709 1941 quibus
723 1850 840 1945 magis
857 1849 956 1945 viget
974 1850 1069 1924 istud
1090 1851 1222 1925 vitium
1243 1852 1280 1925 in
1300 1853 1411 1947 ltalia,
1434 1858 1474 1925 ut
1496 1852 1583 1926 nibil

406 1966 524 2041 dicam
550 1968 597 2042 de
621 1968 781 2043 Parisios
797 1960 833 2061 (1)
864 1969 900 2041 13
930 1970 1055 2044 Gallia.
1083 1970 1176 2044 Nota
1202 1971 1312 2045 etiam
1344 1972 1443 2065 quod
1472 1979 1581 2046 autor

405 2086 577 2161 describit
601 2094 750 2183 gentem
770 2087 1032 2164 bononiensem
1050 2091 1097 2164 ab
1116 2089 1288 2165 idiomate
1313 2097 1350 2165 et
1374 2113 1396 2164 a
1423 2092 1583 2165 dumini-

407 2205 489 2279 bus.
517 2206 761 2281 bononienses
788 2207 885 2282 enim
913 2215 1070 2282 utuntur
1095 2209 1163 2284 isto
1190 2210 1370 2285 vocabulo
1400 2213 1491 2303 stpo,
1519 2210 1581 2284 ubi

409 2324 535 2399 caeteri
560 2325 741 2399 lombardi
756 2316 792 2419 (1)
823 2333 860 2401 31
890 2327 998 2402 italici
1028 2328 1153 2403 dicunt
1187 2333 1252 2402 313.
1283 2330 1445 2405 Bononia
1470 2330 1581 2406 etiam

407 2447 519 2521 babet
543 2447 591 2520 ab
617 2468 691 2520 una
716 2455 832 2542 parte,
858 2448 993 2524 scilicet
1022 2450 1217 2525 occidentis
1250 2471 1379 2527 versus
1404 2452 1583 2527 Lombar-

406 2566 516 2662 diam,
544 2567 693 2661 flumen,
721 2569 820 2662 quod
846 2568 977 2643 dicitur
1003 2571 1139 2664 lienus,
1156 2571 1220 2645 sed
1240 2591 1315 2646 uon
1340 2573 1519 2669 intelligas
1536 2571 1582 2647 de

407 2688 509 2762 Reno
536 2689 699 2762 maximo
724 2689 877 2764 flumine
902 2690 1138 2785 Alamanniae,
1157 2691 1256 2785 quod
1282 2693 1370 2766 olim
1396 2692 1577 2768 dividebat

406 2806 642 2883 Germaniam
660 2808 820 2884 aGallia.
836 2810 880 2882 Et
898 2809 966 2885 iste
982 2811 1107 2885 Renus
1123 2812 1296 2886 Bononiae
1317 2814 1428 2888 babet
1444 2835 1579 2908 aquam

407 2926 541 3000 bonam
568 2949 642 3002 non
667 2929 787 3004 solum
814 2930 1022 3025 potabilem,
1049 2931 1113 3005 sed
1142 2931 1270 3007 utilem
1297 2933 1344 3007 ad
1374 2934 1581 3010 molendina

406 3048 629 3145 pulcerrime
653 3049 700 3124 ad
730 3051 942 3125 molendum
977 3051 1205 3126 frumentum
1223 3041 1273 3147 (⁷),
1299 3054 1346 3127 ad
1375 3054 1579 3128 laciendum

405 3169 564 3243 sericum
592 3175 629 3243 et
653 3170 724 3244 alia
749 3170 866 3244 multa
897 3171 1103 3246 necessaria
1133 3172 1181 3246 ad
1210 3173 1510 3247 sustentationem
1544 3179 1579 3247 et

406 3294 580 3363 ornatum
615 3290 789 3363 humanae
821 3290 915 3363 vitae.
946 3290 1063 3365 Habet
1092 3296 1129 3365 et
1163 3292 1276 3365 alium
1314 3291 1480 3387 durium,
1516 3292 1581 3387 qui

406 3408 538 3484 dicitur
563 3409 706 3484 Savana
722 3399 757 3501 (1)
785 3430 832 3484 ex
857 3411 928 3484 alio
954 3412 1070 3488 latere
1094 3410 1244 3486 orientis
1262 3432 1391 3487 versus
1416 3414 1580 3488 Roman-

407 3528 561 3603 diolam:
595 3528 705 3603 babet
736 3534 772 3603 et
803 3550 959 3623 parvum
997 3536 1212 3627 torrentem,
1246 3532 1309 3626 qui
1341 3532 1473 3608 dicitur
1507 3535 1580 3629 Ap-

407 3670 506 3745 posa,
533 3648 596 3741 qui
626 3649 820 3724 intersecat
851 3648 984 3744 ipsam:
1018 3651 1128 3725 babet
1159 3657 1196 3726 et
1227 3659 1392 3727 montem
1424 3653 1579 3730 fertilem

407 3775 444 3843 et
469 3788 659 3842 amoenum
679 3776 823 3863 aparte
847 3770 1024 3865 meridiei,
1042 3771 1106 3864 qui
1127 3781 1182 3848 est
1199 3772 1303 3866 quasi
1324 3774 1473 3869 clypeus
1490 3785 1581 3849 con*

406 3893 464 3961 tra
489 3892 642 3962 ventum
667 3893 848 3982 austrum,
868 3909 980 3983 quem
1006 3895 1116 3964 autor
1142 3890 1258 3986 tetigit
1284 3891 1448 3967 iaciendo
1475 3913 1580 3967 men-

406 4006 544 4081 tionem
569 4007 616 4081 de
641 4007 721 4081 loco
738 4006 940 4102 salsarum,
961 4008 1024 4106 qui
1050 4015 1105 4083 est
1130 4029 1247 4083 unum
1275 4011 1515 4105 praecipitium
1543 4012 1579 4086 in

406 4126 484 4223 ipso
505 4134 639 4202 monte.
658 4128 711 4201 Er
728 4128 783 4201 bis
800 4128 1015 4204 brevissime
1031 4129 1144 4204 babes
1162 4130 1323 4206 nobilem
1342 4132 1453 4206 situm
1470 4134 1581 4208 buius

469 4331 497 4395 (1)
515 4338 569 4394 116,
588 4333 634 4382 libi
650 4333 720 4398 quod
737 4339 815 4385 autor
831 4335 899 4385 dicat
915 4346 980 4385 1331.
1076 4334 1104 4397 (1)
1121 4335 1152 4385 Ε.
1169 4336 1366 4398 bichardum
1383 4350 1471 4401 quam.

469 4408 497 4470 (1)
513 4412 566 4470 116,
583 4410 672 4473 plures
689 4410 842 4462 131313133.
1078 4410 1105 4475 (1)
1121 4412 1152 4462 Ε.
1170 4412 1221 4463 1133
1238 4413 1309 4466 uitio.

468 4484 495 4545 (1)
513 4489 567 4546 116,
584 4486 738 4538 (1311111313.
1078 4487 1104 4551 (1)
1121 4489 1152 4538 Ε.
1169 4489 1414 4552 1331311113331,
1431 4491 1480 4541 atu.

469 4558 496 4620 (1)
514 4564 568 4620 116,
584 4560 747 4613 frumentum
763 4568 790 4615 31
806 4568 892 4628 aptam
908 4563 939 4613 ad
956 4563 1110 4615 iaciendum.

469 4632 497 4695 (1)
513 4635 539 4685 S.
555 4633 654 4688 Sauene
669 4650 701 4688 ex
717 4639 816 4690 1113-
826 4644 880 4699 116,
897 4638 994 4692 Sarum
1011 4653 1043 4690 ex
1059 4639 1106 4690 illo
1122 4640 1212 4692 131313.
