3720 5566
446 471 491 536 16
840 483 1046 537 COMENTUM
1070 483 1222 536 INFERNI

353 625 1618 723 ·mmmwmmmfflfflffl

443 765 532 819 ense
555 744 688 839 ferreo,
706 764 805 819 nunc
821 745 953 841 pugnis
965 751 1011 820 ‘et
1031 744 1201 839 calcibus,
1220 745 1367 838 quando
1388 765 1462 821 non
1487 766 1619 821 occur-

444 871 532 938 runt
556 865 624 939 sibi
648 864 719 938 alia
743 884 865 958 arma3
883 857 955 937 cosi
976 867 1171 958 perlando,
1188 863 1279 938 idest
1297 865 1359 939 illo
1376 865 1549 940 Venetico
1567 866 1618 941 ita

443 986 628 1078 loquente,
654 990 692 1059 el
716 984 766 1058 ita
791 983 889 1059 dedit
914 985 981 1059 sibi
1010 984 1204 1079 praemium
1234 985 1454 1059 narrationis
1480 1006 1573 1081 suae3
1600 1008 1619 1059 e

442 1107 553 1178 disse:
578 1107 638 1177 cic
661 1109 801 1197 saffica,
820 1105 925 1200 quasi
950 1105 1063 1181 dicat:
1082 1105 1216 1180 recede
1236 1104 1320 1179 binc
1341 1106 1378 1180 in
1398 1108 1494 1181 mala
1512 1109 1616 1201 bora,

442 1246 516 1299 non
531 1217 568 1317 (¹)
595 1223 694 1299 dicas
718 1225 800 1320 plus
824 1225 871 1300 de
896 1225 964 1300 ista
991 1225 1158 1319 materia,
1184 1225 1271 1320 quia
1297 1225 1384 1300 nibil
1410 1246 1535 1320 posses
1559 1228 1618 1300 lu-

442 1345 540 1421 crari
565 1345 623 1419 bic
648 1344 716 1419 nisi
740 1346 910 1440 verbera,
927 1346 1031 1440 quia:
1052 1350 1112 1437 qui
1126 1366 1199 1419 aon
1214 1349 1419 1440 conseruisse
1435 1349 1484 1420 do
1501 1351 1617 1438 conob,

442 1464 536 1540 idest
560 1465 606 1540 ad
632 1467 791 1561 lucrum,
817 1466 863 1541 ad
888 1465 1068 1559 denarios,
1098 1465 1146 1541 ad
1175 1466 1381 1562 pecuniam.
1413 1468 1457 1540 Et
1486 1468 1616 1543 bicen

442 1584 613 1658 omnibus
638 1584 740 1663 dictis
769 1592 872 1678 potes
903 1585 1086 1681 colligere,
1119 1586 1218 1680 quod
1251 1595 1361 1662 autor
1387 1593 1511 1662 noster
1543 1608 1616 1662 non

442 1712 545 1780 notat
569 1705 822 1799 bononienses,
841 1705 906 1779 nisi
933 1704 971 1777 in
989 1705 1137 1780 infamia
1156 1706 1343 1781 minorum
1365 1707 1562 1787 criminum
1580 1714 1618 1783 et

442 1825 590 1899 levioris
614 1826 748 1921 culpae5
775 1825 861 1920 quia
886 1825 933 1900 de
959 1825 1012 1900 rei
1030 1810 1186 1901 veritate
1202 1827 1444 1904 bononienses
1458 1850 1532 1903 non
1548 1849 1616 1902 no

444 1955 580 2020 verunt
603 1945 752 2019 fraudes
778 1946 1015 2042 serpentinas,
1033 1967 1102 2021 nec
1127 1946 1317 2022 violentias
1340 1948 1520 2043 crudeles,
1534 1948 1615 2042 qui·

445 2065 516 2139 bus
540 2072 649 2139 autor
674 2066 827 2141 infamat
852 2067 988 2140 multas
1012 2067 1189 2141 nationes.
1208 2068 1252 2141 Et
1268 2087 1357 2143 uere
1374 2068 1616 2144 bononienses

443 2192 529 2259 sunt
553 2184 720 2260 homiues
745 2187 910 2261 carnales
924 2179 975 2280 (²),
998 2187 1113 2262 dulcis
1137 2188 1336 2284 sanguinis,
1353 2194 1390 2262 et
1408 2189 1531 2264 suavis
1548 2210 1615 2263 na-

442 2310 555 2397 lurae3
571 2304 634 2398 qui
647 2326 759 2401 super
771 2312 925 2382 caeteros
942 2306 1080 2381 italicos
1095 2307 1309 2382 familiarius
1322 2314 1479 2387 tractant
1492 2308 1614 2383 loren-

443 2443 513 2518 ses,
531 2434 568 2499 et
584 2424 776 2521 benignius
789 2426 914 2501 fovent
930 2434 968 2501 et
980 2427 1177 2521 honorant3
1192 2433 1229 2501 et
1239 2433 1281 2501 ut
1294 2432 1379 2501 utar
1396 2435 1615 2525 argumento

443 2543 583 2617 Dantis:
611 2565 684 2619 non
706 2567 835 2639 quaero
851 2547 961 2621 aliam
979 2548 1133 2643 probam
1152 2547 1220 2620 nisi
1237 2547 1511 2643 experientiam,
1530 2550 1615 2644 quia

443 2663 495 2736 lui
520 2663 568 2737 ibi
594 2684 660 2760 per
686 2665 917 2741 decennium.
1404 2750 1409 2759 ,

516 2787 558 2855 Io
575 2805 628 2857 mc
644 2789 838 2876 rappmnsi.
861 2787 932 2860 lsta
957 2794 1013 2861 est
1038 2784 1145 2864 tertia
1170 2808 1255 2881 pars
1274 2787 1467 2883 generalis
1488 2787 1615 2881 inqua

441 2911 550 2979 autor
577 2926 676 2980 nunc
693 2912 825 2981 tractat
841 2907 887 2982 de
903 2908 1166 3004 decipientibus
1183 2909 1359 2985 mulieres
1375 2930 1442 3004 pro
1460 2930 1500 2984 se
1520 2909 1614 3006 ipsis.

440 3024 485 3096 Et
509 3024 628 3119 primo
653 3031 773 3121 autor,
791 3026 1007 3102 continuans
1032 3028 1127 3104 dicta
1151 3027 1321 3122 dicendis,
1342 3029 1498 3102 ostendit
1523 3049 1616 3122 quo-

441 3145 551 3221 modo
581 3154 831 3242 pervenerunt
861 3148 909 3222 ad
941 3149 1270 3224 considerationem
1306 3148 1476 3223 secundae
1505 3154 1615 3222 sectae

440 3266 607 3361 istorum,
634 3266 776 3341 dicens:
794 3273 836 3341 Io
861 3290 915 3342 me
939 3272 1125 3361 rogpimm'
1140 3289 1207 3342 con
1225 3271 1261 3341 lo
1276 3276 1395 3342 scorta
1419 3271 1505 3360 mia,
1523 3268 1615 3344 idest

440 3407 528 3461 cnm
554 3387 703 3483 Virgilio
728 3387 793 3482 qui
819 3397 1047 3464 remanserat
1072 3396 1109 3465 et
1134 3390 1350 3486 expectabat
1365 3380 1402 3482 (³)
1428 3410 1528 3485 eum,
1547 3411 1616 3483 po-

440 3512 514 3583 scia
530 3511 738 3582 dicenimmo
755 3530 821 3583 con
831 3512 936 3602 pocld
944 3513 1045 3602 possi
1060 3513 1149 3584 dove
1164 3533 1235 3586 arto
1251 3514 1394 3605 scoplto,
1409 3510 1500 3585 idest
1518 3532 1614 3584 unus

440 3649 549 3703 arcus
565 3628 696 3724 pontis,
712 3633 809 3703 asmo
825 3634 869 3705 de
885 3635 921 3705 lc
937 3634 1030 3724 rico,
1050 3633 1137 3726 quia
1158 3632 1349 3727 incipiebat
1365 3633 1414 3706 ab
1431 3632 1506 3705 imo
1526 3631 1614 3726 ripae

440 3750 523 3824 altar
539 3755 577 3824 et
596 3749 816 3825 extendebat
832 3772 873 3826 se
891 3750 939 3825 ad
955 3752 1154 3826 secundam
1168 3752 1303 3847 ripam,
1321 3751 1370 3825 ita
1386 3739 1423 3842 (⁴)
1442 3751 1542 3845 quod
1557 3756 1614 3824 le-

440 3870 550 3965 gebat
575 3868 731 3963 primam
757 3870 930 3968 bulgiam.
949 3870 1052 3946 Unde
1068 3852 1259 3945 considera
1279 3870 1339 3944 bic
1359 3870 1465 3963 bene,
1484 3869 1611 3962 lector,
1678 3878 1683 3887 '

439 4008 487 4063 ne
513 3987 659 4082 fallaris,
684 3988 778 4063 sicut
800 3991 908 4065 multi
932 3988 1164 4085 decipiuntur
1185 3988 1254 4083 bic,
1281 3987 1379 4082 quod
1404 3995 1514 4062 autor
1540 4007 1613 4062 non

439 4109 641 4183 intraverat
673 4108 794 4185 adhuc
824 4112 986 4206 primum
1015 4117 1178 4206 pontem,
1204 4110 1279 4185 imo
1311 4115 1393 4186 erat
1422 4108 1545 4184 adbuc
1577 4108 1614 4182 in

439 4230 517 4324 ripa
543 4230 616 4305 alta
642 4249 726 4322 quae
751 4231 911 4305 continet
926 4251 1056 4306 omnes
1072 4230 1227 4328 bulgias,
1247 4236 1285 4305 et
1303 4251 1370 4326 per
1386 4248 1615 4324 consequens

440 4348 575 4425 claudit
599 4349 706 4426 istam
730 4349 907 4445 primam,
933 4357 971 4425 et
996 4350 1118 4425 eundo
1148 4370 1214 4447 per
1244 4370 1328 4425 eam
1353 4348 1400 4425 ad
1430 4348 1613 4423 sinistram

502 4535 531 4597 (¹)
548 4536 578 4585 R
596 4549 645 4586 ¹³0⁰
662 4537 738 4587 dicos·
964 4538 991 4599 (¹)
1008 4538 1039 4588 E.
1056 4538 1176 4590 curiales.

503 4612 531 4675 (⁸)
548 4617 602 4673 llo,
618 4618 808 4677 expectaretur.
965 4615 992 4679 (⁸)
1008 4616 1034 4666 S.
1051 4617 1087 4667 lta
1103 4617 1173 4681 quod
1188 4616 1396 4682 tangebat-E.
1412 4614 1448 4666 lta
1464 4614 1574 4680 tegebat.
