3720 5566
431 490 478 556 16
830 496 1032 550 couuurnnr
1057 497 1208 550 rnrunru

428 645 566 720 laboris
582 637 632 737 (⁴),
651 643 750 738 quod
766 641 911 717 veneris
935 663 959 716 a
986 641 1106 715 medio
1122 640 1242 736 pontis
1262 661 1383 735 usque
1406 641 1453 716 ad
1480 641 1604 736 finem,

430 772 468 839 et
499 764 721 840 descendens
754 783 820 857 per
850 762 966 858 ripam
1000 781 1120 854 usque
1152 761 1198 835 ad
1233 760 1406 857 fundum3
1434 762 1533 857 quia,
1562 770 1605 836 ut

429 885 567 959 dietum
589 890 655 978 est,
677 889 787 980 autor
812 888 913 957 stans
932 882 969 955 in
987 881 1148 956 eulmine
1172 881 1290 975 pontis
1315 881 1456 958 viderat
1481 884 1603 978 istum,

430 1004 490 1078 cui
505 996 542 1097 (²)
568 1004 754 1078 ardentior
780 1003 929 1076 flamma
954 1001 1134 1077 adurebat
1159 1001 1310 1095 plantae,
1329 1007 1366 1075 et
1384 1002 1446 1095 qui
1460 994 1497 1096 (³)
1525 1004 1604 1097 plo-

430 1123 537 1197 rabat
554 1144 640 1197 cum
658 1122 819 1218 pedibus.
839 1122 884 1195 Et
899 1120 1070 1195 describit
1086 1140 1126 1193 se
1150 1140 1171 1193 a
1189 1140 1339 1216 genere,
1351 1120 1486 1216 dicens,
1504 1122 1603 1216 quod

431 1242 501 1316 suit
525 1244 571 1318 de
596 1243 751 1336 Ursinis3
779 1241 876 1315 unde
900 1240 1003 1315 dicit:
1022 1263 1041 1312 e
1057 1243 1113 1334 sui
1131 1242 1268 1332 fipltuot
1290 1242 1333 1313 de
1357 1244 1380 1313 l'
1393 1262 1491 1334 orsa,
1513 1242 1604 1316 idest

428 1362 481 1435 sui
508 1363 670 1456 Ursinus,
697 1363 782 1455 quia
809 1360 957 1435 ursinus
982 1365 1037 1434 est
1062 1381 1199 1456 parvus
1216 1380 1327 1433 ursus
1357 1359 1450 1433 filius
1477 1381 1598 1456 ursae3

430 1488 467 1556 et
492 1482 598 1557 dicit:
626 1489 833 1575 veramente,
860 1481 964 1575 quasi
989 1480 1100 1554 dicat:
1128 1500 1199 1553 non
1226 1480 1345 1554 solum
1373 1480 1521 1555 nomine
1537 1480 1601 1556 sed

431 1601 540 1675 etiam
567 1601 686 1694 iacto;
713 1620 797 1674 nam
830 1621 916 1673 ursa
943 1606 999 1675 est
1023 1599 1158 1673 animal
1185 1600 1289 1673 teror
1315 1604 1352 1673 et
1376 1599 1539 1695 avidum,
1566 1605 1604 1674 et

430 1719 562 1793 dicitur
579 1718 626 1792 ab
643 1719 809 1815 urgendo
826 1707 876 1812 (⁴),
891 1718 988 1811 quod
1007 1718 1167 1807 declarat
1184 1718 1392 1793 describens
1413 1740 1453 1794 se
1470 1742 1493 1793 a
1510 1720 1602 1794 vicio

379 1854 383 1860 ·
430 1859 510 1931 suo,
536 1844 574 1912 et
600 1837 821 1933 respondens
846 1828 943 1928 add)
970 1837 1003 1910 id
1027 1836 1072 1911 de
1089 1858 1164 1931 quo
1182 1844 1290 1912 autor
1311 1839 1492 1934 petiturus
1509 1845 1600 1934 erat,

429 1958 574 2051 scilicet,
600 1960 639 2029 di
661 1959 716 2029 soi
740 1959 833 2048 torti,
859 1954 958 2029 unde
983 1955 1086 2029 dicit:
1105 1959 1229 2049 cupido
1246 1949 1288 2050 si,
1306 1957 1398 2031 idest
1414 1963 1490 2030 tam
1512 1978 1602 2032 ava-

430 2097 494 2149 rus
509 2067 560 2170 (⁶),
583 2098 649 2168 per
674 2078 846 2149 evander
870 2078 920 2165 pli
944 2080 1081 2166 orentii,
1098 2075 1190 2148 idest
1215 2096 1327 2150 causa
1348 2077 1512 2150 lucrandi
1530 2079 1602 2152 Ur·

431 2194 541 2287 sinos,
558 2203 595 2268 et
616 2194 809 2290 obligando
823 2182 860 2286 (⁷)
878 2194 974 2289 ipsos
1000 2194 1100 2287 mibi,
1118 2194 1178 2268 vel
1195 2214 1307 2268 causa
1325 2196 1549 2270 excendendi
1564 2187 1600 2288 (⁸)

433 2292 581 2386 Urs'inos
606 2314 643 2385 in
663 2312 793 2386 divitiis
811 2320 848 2387 et
864 2314 1036 2407 potentia,
1053 2316 1113 2385 cde
1129 2317 1177 2385 mi
1193 2316 1271 2386 misi
1287 2316 1476 2387 deversio
1493 2317 1601 2389 borsa

431 2453 486 2523 sn,
513 2432 647 2506 scilieet
677 2432 714 2505 in
745 2432 895 2526 mundo,
930 2435 1056 2504 emisi
1088 2453 1142 2504 me
1175 2435 1246 2524 qui,
1281 2434 1385 2526 quasi
1415 2434 1533 2508 dicat:
1567 2444 1603 2513 et

430 2552 600 2626 damnavi
626 2572 687 2626 me
713 2552 750 2624 in
775 2551 843 2624 isto
868 2551 966 2643 loeo;
992 2552 1051 2626 vel
1076 2550 1175 2624 dieas
1191 2542 1241 2644 (¹³),
1260 2555 1331 2643 qui,
1356 2552 1449 2629 idest
1466 2560 1504 2627 et
1521 2553 1599 2628 illos

430 2673 589 2747 Ursinos.
608 2675 652 2745 Et
668 2671 726 2745 bic
743 2671 788 2745 ad
807 2671 1101 2766 cognoscendum
1121 2671 1203 2764 quis
1220 2670 1330 2745 suerit
1347 2672 1414 2746 iste
1435 2694 1539 2768 papa,
1557 2672 1602 2746 de

431 2813 506 2886 quo
532 2791 740 2865 debuissem
754 2781 807 2883 (ω)
830 2790 953 2865 dicere
970 2790 1082 2886 prius,
1105 2811 1218 2883 quam
1236 2790 1282 2865 de
1297 2792 1494 2886 Bonisaeio‚
1516 2792 1602 2885 quia

430 2911 615 3005 praecessit
640 2930 739 3004 eum,
767 2916 822 2984 est
846 2910 1046 3004 sciendum,
1065 2910 1164 3003 quod
1185 2910 1261 3005 ipse
1276 2903 1327 3002 (¹¹)
1356 2911 1519 3004 loquitur
1543 2912 1601 2985 hie

430 3029 477 3103 de
494 3029 714 3103 exaltatione
732 3051 897 3124 suorum,
916 3021 1077 3124 quod(⁴²)
1096 3050 1193 3103 anno
1210 3030 1352 3103 Domini
1371 3029 1601 3106 MCCLXXVI

430 3150 499 3222 fuit
525 3149 640 3223 iactus
671 3170 763 3244 papa
794 3149 964 3224 Nicolaus
996 3148 1041 3222 ΙΙΙ
1070 3150 1116 3224 de
1143 3149 1276 3223 Ursinis
1305 3150 1351 3225 de
1380 3151 1508 3247 Roma,
1539 3153 1602 3247 qui

431 3269 635 3343 vocabatur
661 3269 842 3343 iohannes
862 3267 1062 3342 Guatanus.
1090 3269 1154 3343 Hie
1179 3269 1268 3342 dum
1295 3269 1362 3343 suit
1387 3271 1542 3346 clericus
1567 3278 1603 3346 et

431 3387 623 3462 cardinalis
649 3387 716 3460 suit
740 3389 915 3462 honestus
941 3389 1054 3461 bomo
1079 3394 1116 3462 et
1142 3389 1247 3462 bonae
1273 3388 1373 3482 vitae3
1397 3389 1460 3463 sed
1486 3390 1603 3464 iactus

430 3528 535 3604 papa,
555 3508 671 3581 iactus
693 3513 748 3582 est
773 3507 1031 3603 magnanimus
1057 3509 1180 3581 calore
1205 3528 1359 3581 suorum
1377 3517 1602 3604 consortum,

431 3635 468 3703 et
499 3629 615 3702 multa
645 3627 729 3702 iecit
760 3625 808 3700 ad
841 3627 1144 3724 magnificandam
1177 3648 1282 3701 suam
1313 3627 1485 3721 domum;
1516 3649 1600 3702 nam

430 3747 499 3820 tuit
523 3747 674 3841 primus,
692 3747 729 3819 in
754 3745 861 3819 cuins
878 3746 982 3819 curia
999 3747 1119 3842 palam
1138 3746 1432 3821 committeretur
1448 3748 1602 3823 simonia

430 3888 498 3963 per
524 3887 609 3939 suos
634 3866 837 3939 attinentes.
865 3866 1094 3961 Quapropter
1112 3867 1271 3940 muitum
1289 3867 1415 3941 ditavit
1435 3888 1498 3941 eos
1517 3887 1602 3961 pos-

493 4065 521 4127 (¹)
537 4064 567 4114 1².
584 4065 709 4115 laborem.
1043 4065 1070 4129 (¹)
1088 4066 1118 4116 1³.
1134 4068 1215 4117 euius

493 4141 520 4203 (⁸)
539 4144 593 4202 ito,
611 4143 679 4204 quo.
1044 4143 1071 4207 (¹)
1089 4148 1143 4205 tio,
1159 4146 1277 4195 uriendo.

493 4218 520 4279 (“)
537 4218 562 4267 S.
580 4217 612 4267 ad
628 4218 654 4268 id
670 4218 740 4282 quod
756 4222 841 4269 autor.
1042 4220 1069 4281 (⁸)
1086 4220 1116 4270 E.
1134 4221 1231 4272 aridus.

493 4293 521 4355 Ρ)
539 4297 593 4354 116,
610 4294 678 4357 ipsos
690 4295 820 4358 obligandi
836 4294 908 4345 mibi.
1043 4295 1070 4360 (⁶)
1087 4298 1117 4347 B.
1133 4298 1295 4348 extendendi.

431 4448 458 4494 et
475 4367 520 4494 ἥς)
537 4368 592 4493 Εὐε
603 4368 629 4419 S.
641 4370 718 4431 dieas,
729 4371 781 4435 qai,
794 4369 820 4419 in
831 4370 909 4421 istum
923 4372 1010 4423 ionum
1022 4374 1096 4435 posui
1112 4373 1176 4423 mihi
1192 4374 1218 4423 in
1235 4373 1321 4434 bursa,
1333 4374 1376 4425 vel
1387 4374 1464 4435 dieas,
1476 4375 1528 4440 pot,
1539 4373 1604 4425 idest

507 4457 536 4494 os
575 4457 666 4495 runos.

485 4518 523 4581 (o)
540 4522 594 4578 ito,
611 4519 747 4572 debuisset.
1036 4521 1075 4583 (¹¹)
1091 4524 1121 4573 Β.
1138 4524 1193 4574 mro,

485 4590 525 4654 (⁰)
541 4592 572 4642 E.
588 4607 646 4656 quo
662 4595 711 4648 tun
726 4610 794 4648 anno
810 4597 914 4649 Domini
931 4602 1000 4658 1186,
1017 4612 1069 4663 quo
1086 4599 1143 4649 brit.
