3720 5566
596 532 736 588 caurus
762 532 919 588 necinus
943 533 1113 589 ocrnvus.
1416 524 1437 593 3

259 680 492 776 punctaliter,
523 681 580 752 del
612 699 736 771 cumpo
772 682 937 771 molinae.
970 680 1014 755 Et
1047 699 1094 753 ex
1124 679 1227 755 dictis
1256 683 1441 757 concludit

259 801 358 896 quod
384 802 412 875 si
439 806 573 896 puteus
590 806 646 874 est
662 799 824 895 spericus
841 805 879 875 et
896 799 1068 894 circulus,
1088 820 1179 898 ergo
1205 808 1242 876 et
1264 823 1330 897 per
1348 824 1439 878 con-

260 940 418 1016 sequens
443 940 573 994 omnes
599 920 711 994 valles
737 918 863 1014 posite
888 918 984 993 inter
1010 918 1078 993 ista
1103 920 1178 995 duo
1203 923 1324 996 media
1353 934 1440 1000 suut

262 1041 422 1136 spericae.
450 1040 543 1116 Dicit
568 1060 682 1136 ergo:
709 1041 870 1137 adeoque
895 1043 974 1132 quel
988 1042 1135 1133 ccrclo‘o,
1154 1039 1245 1115 idest
1264 1048 1360 1116 totus
1378 1045 1439 1119 ille

263 1160 437 1235 circuitus
450 1152 503 1254 (¹),
530 1162 589 1233 cltc
613 1163 732 1232 nmen
758 1166 814 1232 tra
831 1162 857 1232 ’l
877 1162 998 1251 pocct‘o
1023 1162 1084 1232 e'l
1095 1156 1156 1251 pte*
1172 1163 1216 1233 de
1232 1164 1254 1234 l’
1268 1165 1341 1235 olto
1357 1167 1440 1257 ripn

265 1283 371 1372 duro,
396 1281 442 1355 de
468 1301 543 1374 qua
567 1280 706 1354 dictum
732 1285 797 1374 est,
824 1275 861 1352 c‘c
887 1282 1005 1369 wado,
1023 1282 1098 1353 etit
1110 1283 1234 1374 fondo,
1253 1282 1343 1357 idest
1364 1290 1440 1360 tota

265 1400 428 1495 planities
455 1421 601 1497 magna,
627 1397 665 1474 de
689 1403 827 1473 dntintu
851 1402 887 1473 in
914 1402 1001 1473 dicct
1026 1403 1119 1494 valli,
1147 1423 1231 1496 quae
1255 1407 1442 1500 appellan-

267 1525 328 1593 tur
358 1520 570 1616 bulgiae-
593 1524 710 1608 Quale.
737 1520 803 1595 Hic
827 1526 937 1594 autor
961 1519 1139 1616 descripta
1167 1513 1203 1614 (²)
1231 1524 1351 1601 forma
1376 1549 1442 1625 ge-

265 1639 382 1714 nerali
408 1641 519 1714 totius
542 1639 680 1733 circuli,
698 1639 860 1713 declarat
885 1638 1043 1713 sormam
1066 1642 1258 1735 specialem
1279 1646 1359 1721 eius
1375 1670 1442 1744 per

265 1781 380 1834 unam
407 1759 718 1856 comparationem
746 1759 831 1832 satis
858 1778 1109 1855 communem,
1132 1762 1238 1837 cuius
1263 1771 1443 1845 sententia

266 1887 321 1954 est
345 1880 433 1954 satis
450 1878 611 1973 contusa,
629 1885 667 1954 et
689 1877 794 1954 litera
817 1878 923 1954 valde
945 1878 1121 1954 intricata.
1140 1882 1224 1957 ldeo
1238 1875 1275 1976 (³)
1296 1887 1342 1960 ad
1364 1889 1444 1963 eius

268 1999 551 2074 declarationem
569 2003 680 2073 autur
696 1998 777 2073 vult
793 1996 916 2073 dicere
936 1999 1217 2074 sententialiter:
1238 2003 1442 2101 imaginare

269 2125 306 2194 et
332 2119 429 2215 linge
455 2119 519 2193 tibi
543 2118 581 2192 in
607 2124 812 2194 mentetua
831 2139 948 2191 unum
970 2119 1160 2193 castellum
1188 2124 1389 2199 rotundum
1406 2127 1444 2201 in

269 2260 403 2336 magna
428 2238 578 2335 planitie
602 2237 807 2334 campestri,
834 2237 932 2331 quod
960 2237 1071 2313 habet
1086 2227 1121 2331 (ὅ)
1142 2241 1238 2315 circa
1262 2265 1302 2319 se
1319 2248 1444 2340 plures

270 2367 306 2435 et
330 2361 455 2456 plures
479 2359 605 2454 fossas,
630 2366 668 2434 et
687 2360 796 2454 juxta
822 2365 967 2452 portam
993 2359 1128 2433 castelli
1160 2382 1183 2435 a
1214 2362 1291 2459 ripa
1318 2366 1444 2443 infima

270 2480 391 2577 incipit
417 2501 491 2554 una
517 2480 615 2554 volta
640 2478 769 2574 pontis,
784 2497 868 2571 quae
893 2478 1056 2572 cooperit
1071 2471 1107 2570 (⁵)
1130 2480 1288 2575 primam
1309 2485 1443 2562 sossam

272 2621 391 2695 usque
416 2600 462 2673 ad
488 2599 686 2673 secundam
713 2598 848 2692 ripam3
866 2603 903 2671 et
920 2598 970 2671 ita
987 2599 1148 2673 secunda
1165 2602 1263 2676 volta
1280 2603 1402 2700 incipit
1423 2629 1446 2682 a

274 2721 435 2795 secunda
452 2721 543 2816 ripa,
561 2724 597 2793 et
614 2718 777 2814 cooperit
797 2717 996 2793 secundam
1014 2716 1148 2792 lessam
1166 2741 1285 2814 usque
1306 2724 1352 2798 ad
1371 2734 1447 2800 ter-

273 2843 363 2916 tiam
390 2841 525 2936 ripam;
543 2845 581 2914 et
597 2840 646 2913 ita
663 2839 709 2913 de
725 2838 895 2913 omnibus
917 2858 1036 2932 usque
1053 2839 1099 2912 ad
1116 2839 1262 2936 decem3
1281 2843 1330 2918 ita
1347 2845 1448 2940 quod

276 2961 349 3034 sint
363 2950 399 3052 (⁶)
424 2959 553 3035 decem
579 2979 688 3033 arcus
704 2957 867 3054 contigui
885 2957 1090 3032 successive
1110 2981 1207 3034 uuus
1223 2969 1304 3055 post
1321 2965 1447 3060 alium,

275 3087 312 3155 et
331 3087 453 3154 tamen
470 3080 517 3153 sit
529 3068 566 3170 (⁷)
584 3084 683 3152 totus
701 3099 797 3151 unus
814 3098 904 3172 pons
922 3083 1056 3171 rectus,
1069 3076 1119 3151 ita
1133 3068 1170 3169 (⁸)
1189 3079 1226 3152 iu
1249 3082 1308 3157 tali
1327 3082 1447 3181 ligura

275 3200 342 3274 iste
366 3207 500 3296 puteus
515 3198 695 3274 rotundus
715 3198 818 3273 velut
834 3197 1036 3272 lortilitium
1054 3198 1216 3272 cinctum
1234 3202 1314 3277 altis
1335 3205 1449 3278 turri-

277 3320 357 3413 bus,
371 3318 505 3393 scilicet
521 3317 742 3415 gigantibus,
754 3317 866 3391 hahet
878 3317 975 3391 circa
992 3337 1032 3390 se
1048 3317 1176 3393 decem
1190 3321 1302 3396 valles
1315 3345 1450 3400 couca-

277 3460 342 3515 vas
358 3438 396 3511 in
414 3437 565 3512 modum
584 3437 778 3530 fossarum,
797 3443 834 3510 et
854 3436 983 3511 decern
1001 3435 1202 3531 ponticulos
1219 3432 1255 3532 (⁹)
1273 3461 1339 3536 per
1357 3464 1450 3537 quos

277 3559 454 3635 transitur
470 3578 536 3653 per
554 3565 672 3636 totum
687 3548 741 3649 (¹⁰)
759 3556 993 3654 ·Malebolgie.
1021 3557 1126 3631 Nunc
1150 3559 1279 3635 ordina
1305 3562 1450 3639 literam

277 3680 347 3755 sic:
375 3682 495 3772 queue,
513 3679 648 3754 scilicet
672 3676 769 3772 valli,
784 3681 933 3771 suceuon
960 3679 1063 3772 quivi,
1081 3678 1118 3751 in
1135 3679 1203 3754 ista
1229 3683 1376 3776 planitie
1394 3685 1451 3759 in-

277 3799 418 3894 fernali,
445 3802 496 3872 tul
517 3801 670 3890 inopine
695 3800 780 3890 qual
799 3799 920 3890 fluore
945 3800 982 3870 lu
1002 3805 1108 3890 parte
1132 3802 1220 3874 douc
1248 3825 1314 3877 son
1339 3808 1365 3878 n
1388 3828 1451 3879 co-

276 3923 365 3994 soto
396 3922 517 4012 rende,
543 3919 634 3994 idest
663 3918 830 4012 ostendit,
857 3926 1106 4014 representat,
1137 3923 1225 3997 douc
1252 3919 1315 4016 pto
1343 3947 1362 3998 e
1389 3922 1452 4019 pid

275 4043 363 4134 sossi
387 4043 514 4132 cinpou
539 4042 642 4132 poelli
664 4041 796 4113 castelli
813 4059 882 4131 per
906 4042 1061 4130 pourdiu
1086 4043 1130 4114 de
1146 4044 1176 4114 le
1194 4063 1311 4136 muro,
1328 4055 1371 4123 ut
1388 4066 1452 4121 ca·

278 4161 380 4234 stella
406 4160 477 4233 sint
502 4159 654 4234 tortiora
680 4180 753 4234 non
778 4158 898 4232 solum
922 4159 1126 4234 munimine
1152 4181 1360 4256 murorum,
1387 4165 1451 4239 sed

341 4367 369 4429 (¹)
385 4372 431 4420 no
447 4381 463 4419 e
478 4368 509 4418 E.
527 4367 650 4418 circulus.
961 4365 988 4428 (¹)
1006 4369 1061 4426 tto,
1077 4365 1204 4417 deducu.

961 4443 989 4506 (⁸)
1006 4447 1083 4494 11⁶0
1100 4442 1131 4492 u.
1147 4441 1247 4493 maen

411 4557 418 4571 .
505 4556 511 4571 .
961 4518 988 4582 l‘)
1004 4520 1036 4570 Ε.
1052 4524 1121 4571 sunt.

344 4595 371 4659 Γ)
388 4596 419 4646 11.
436 4598 468 4647 eit
484 4611 551 4649 unus
567 4610 640 4661 pons.
962 4594 989 4659 (¹)
1007 4595 1033 4647 S.
1049 4596 1085 4647 itu
1102 4597 1172 4660 qnod
1188 4597 1215 4648 in
1232 4597 1284 4649 tuli.

344 4670 372 4735 (·)
387 4670 413 4722 S.
430 4672 671 4735 ponuoetloa-E.
688 4671 840 4737 particulos.
952 4670 990 4735 (¹⁰)
1007 4671 1037 4723 E.
1054 4676 1137 4724 totum
1155 4672 1244 4725 locum
1260 4673 1434 4741 Mulebolgle.
