3720 5566
443 477 489 542 25
836 484 1041 539 COMENTUM
1066 483 1219 536 lnrunur

443 640 540 709 totus
564 629 769 707 sordidatus
784 621 821 722 (⁴)
845 649 868 704 a
894 628 1012 724 capite
1038 647 1158 721 usque
1182 626 1229 699 ad
1251 625 1371 722 pedes.
1392 629 1484 705 Dicit
1505 651 1614 727 ergo:

440 754 556 826 ccidi
581 771 628 824 un
652 753 708 822 cot
731 769 820 841 copo
844 741 874 821 si
900 750 1002 822 londo
1027 750 1065 821 dt
1088 749 1226 837 modo,
1254 754 1400 843 turpem
1435 750 1615 844 capellum

440 872 621 963 habebat3
648 873 707 942 cte
731 889 803 941 non
822 889 940 960 porea
965 871 1072 940 scra
1096 869 1187 940 luico
1217 887 1240 938 o
1265 870 1400 960 cterco,
1427 869 1517 944 idest
1541 890 1616 943 non

440 991 716 1067 discernebatur
726 980 777 1082 (²),
793 994 920 1062 utrum
939 993 1035 1062 esset
1052 985 1233 1079 sacerdos,
1250 987 1308 1060 vel
1326 988 1511 1081 secularis,
1529 988 1615 1082 quia

439 1110 574 1184 scilicet
587 1100 626 1202 (³)
653 1130 728 1183 non
752 1113 897 1204 poterat
923 1106 1037 1182 rideri
1062 1106 1093 1180 si
1119 1105 1276 1179 habebat
1301 1107 1449 1201 capillos
1467 1109 1523 1182 rel
1541 1108 1616 1181 cle·

442 1230 568 1304 ricam.
596 1230 667 1304 Per
682 1217 719 1321 (⁸)
747 1230 818 1302 hoc
835 1234 937 1302 notat
955 1226 1054 1321 quod
1071 1227 1138 1300 iste
1155 1225 1292 1300 iecerat
1310 1226 1377 1300 sibi
1397 1227 1561 1302 habitum
1580 1227 1617 1300 in

440 1347 662 1441 adulatione,
689 1346 777 1421 nihil
791 1338 829 1440 (⁵)
850 1346 988 1421 sciebat
1011 1345 1134 1420 dicere
1160 1347 1219 1419 vel
1244 1345 1366 1419 lacere
1391 1345 1469 1420 sine
1494 1346 1615 1420 medio

440 1468 674 1562 adulationis3
692 1467 774 1541 ideo
787 1466 838 1540 ita
851 1466 950 1541 visus
967 1471 1021 1541 est
1038 1465 1159 1540 iacere
1177 1465 1257 1539 viro
1275 1465 1443 1560 sapienti:
1462 1472 1500 1540 et
1516 1466 1615 1543 hunc

440 1588 524 1682 vidi,
543 1595 674 1661 mentre
698 1589 733 1660 to
759 1608 858 1659 cerco
884 1576 921 1658 toi
944 1580 1005 1676 put
1021 1606 1089 1658 con
1106 1588 1273 1676 locatio,
1291 1585 1382 1658 idest
1399 1585 1489 1658 dum
1510 1605 1615 1659 scru-

441 1716 541 1785 tarer
566 1709 612 1783 de
638 1728 713 1781 uno
737 1706 861 1800 aliquo
887 1705 967 1781 viro
993 1705 1142 1779 notabili
1158 1695 1195 1797 (⁶)
1214 1706 1251 1778 in
1277 1706 1345 1779 ista
1370 1705 1512 1780 sentina
1536 1725 1616 1779 sor·

440 1829 523 1904 dida
549 1848 636 1902 curn
661 1827 770 1901 oculo
796 1825 963 1918 mentali3
986 1832 1023 1898 et
1049 1825 1132 1899 licet
1158 1824 1254 1898 istud
1280 1824 1498 1898 scrutinium
1515 1824 1617 1900 ride-

440 1954 545 2022 retur
567 1967 771 2042 provocare
787 1965 967 2019 nauseam
985 1944 1132 2038 videnti,
1150 1951 1274 2019 tamen
1291 1945 1425 2018 animae
1442 1946 1615 2019 humanae

441 2068 528 2142 nihil
564 2074 673 2142 nocet
710 2067 836 2142 videre
868 2072 1042 2139 stercora.
1076 2065 1120 2137 Et
1155 2065 1255 2160 ponit
1289 2064 1614 2160 interrogationem

442 2188 538 2262 illius
568 2187 714 2282 spiritus
745 2187 792 2261 ad
820 2206 861 2261 se
892 2186 957 2280 qui
991 2185 1149 2262 miratur
1180 2191 1218 2259 et
1246 2185 1498 2279 conqueritur,
1529 2184 1615 2279 quia

442 2312 553 2382 autor
577 2305 658 2401 plus
683 2305 881 2401 respiceret
906 2305 1026 2400 ipsum
1053 2325 1165 2398 quam
1189 2312 1359 2398 caeteros3
1386 2305 1485 2379 unde
1511 2304 1613 2378 dicit:

442 2431 532 2521 poci,
558 2426 693 2502 scilicet
716 2426 878 2519 alerius,
904 2447 958 2499 me
981 2418 1117 2517 sprtdd,
1136 2445 1222 2499 cum
1240 2446 1307 2500 ore
1327 2446 1396 2499 suo
1414 2425 1539 2499 loetido
1556 2444 1615 2499 re-

441 2548 539 2643 pleto
572 2554 736 2621 stercore
771 2546 1000 2639 adulationis,
1030 2551 1067 2620 et
1097 2551 1220 2619 tamen
1254 2545 1313 2619 hic
1346 2565 1419 2619 non
1452 2545 1616 2639 loquitur

441 2668 646 2762 adulanter,
663 2667 739 2740 imo
759 2665 999 2762 indignanter,
1015 2661 1143 2757 perctd
1164 2667 1223 2738 sie'
1236 2672 1271 2738 tu
1295 2657 1505 2757 si'npordo,
1525 2664 1616 2738 idest

444 2785 686 2880 intemperate
716 2784 863 2878 avidus,
895 2786 932 2857 di
960 2786 1161 2874 ripuardar
1187 2779 1250 2877 piri
1280 2806 1334 2857 mc
1364 2786 1424 2857 clu
1456 2787 1506 2875 pli
1533 2787 1617 2857 altri

442 2907 571 2978 munt?
596 2905 687 2980 idest
711 2904 801 2978 alios
825 2904 1035 2979 adulatores
1060 2903 1267 2998 inquinatos
1288 2904 1357 2998 hic,
1378 2906 1483 2998 quasi
1501 2904 1613 2979 dicat:

441 3024 499 3098 hic
525 3030 580 3098 est
605 3045 741 3120 magna
766 3023 962 3098 multitudo
982 3024 1217 3098 adulatorum
1239 3030 1276 3099 et
1287 3025 1551 3119 joculatorum,
1570 3024 1615 3099 de

442 3143 576 3237 quibus
601 3149 704 3237 potes
728 3142 902 3236 scribere,
928 3164 1003 3217 non
1016 3131 1054 3235 (⁷)
1087 3143 1242 3218 deberes
1271 3164 1409 3239 ponere
1443 3164 1516 3237 me,
1547 3164 1615 3218 nec

442 3263 582 3338 reterre
616 3284 712 3338 nora
746 3263 792 3337 de
827 3283 888 3337 me
918 3262 965 3337 ad
995 3263 1176 3337 mundum
1207 3263 1420 3338 viventium.
1447 3264 1491 3336 Et
1516 3263 1616 3359 ponit

442 3384 716 3478 responsionem
734 3383 855 3457 suiad
880 3383 982 3456 illum
1001 3383 1190 3479 assignans
1207 3384 1387 3460 rationem
1409 3406 1537 3480 quare,
1562 3385 1616 3460 di-

441 3521 551 3577 cens:
578 3509 611 3575 et
632 3505 667 3575 io
693 3524 717 3575 α
740 3506 802 3594 lut,
823 3503 952 3598 supple
970 3503 1149 3599 respondi,
1165 3501 1296 3598 percle
1313 3495 1376 3595 pid
1392 3508 1473 3578 t'ito
1494 3508 1615 3579 oeduto

442 3625 498 3695 cot
520 3625 637 3714 capilli
661 3625 806 3713 osctuttt,
830 3622 935 3716 quasi
959 3622 1075 3697 dieat:
1095 3623 1167 3697 vidi
1188 3630 1225 3697 te
1246 3623 1372 3699 rivum
1390 3624 1475 3699 satis
1501 3626 1616 3698 hono-

443 3748 565 3816 ratum
591 3749 628 3816 et
653 3753 824 3820 ornatum
848 3741 1011 3838 militem,
1030 3744 1200 3837 quamvis
1218 3745 1328 3819 modo
1345 3746 1393 3819 sis
1413 3746 1463 3820 ita
1487 3744 1615 3819 detur-

442 3870 550 3958 patus
576 3863 644 3937 isto
661 3863 760 3958 turpi
777 3865 939 3957 liquore3
958 3863 1070 3960 *quasi
1087 3864 1183 3938 dicat
1200 3871 1324 3940 autor:
1343 3865 1477 3940 idcirco
1495 3856 1614 3958 potius

442 3989 480 4058 te
504 3983 670 4079 respicio,
697 3983 783 4077 quia
808 3983 940 4059 melius
966 4003 1115 4078 possum
1136 3984 1305 4079 judicare
1318 3975 1356 4078 (⁸)
1381 3985 1427 4059 de
1453 3990 1500 4079 te,
1529 3984 1615 4078 quia

441 4102 565 4178 audivi
590 4108 628 4177 te
654 4103 865 4197 loquentem
892 4103 1114 4178 interrivos
1143 4103 1194 4179 ita
1223 4106 1418 4198 fastidiose,
1442 4105 1493 4180 ita
1518 4105 1619 4199 quod

506 4301 535 4363 (“)
551 4301 582 4352 Ε.
599 4302 720 4353 sudatus.
1116 4304 1144 4368 (¹)
1159 4304 1185 4355 S.
1202 4305 1408 4370 dignosoebalur.

504 4377 532 4439 (⁸)
549 4377 580 4428 E.
596 4379 696 4428 scilicet
711 4377 772 4428 sciri
788 4392 841 4430 non
856 4383 960 4442 poterat
975 4379 996 4429 si
1013 4378 1130 4430 habebat.

503 4453 531 4516 (¹)
547 4454 572 4503 S.
589 4454 699 4517 Propter
716 4456 766 4507 hoc
781 4460 901 4506 notat·
911 4455 942 4506 ll.
960 4455 994 4506 Et
1010 4468 1057 4519 per
1073 4456 1123 4508 hoc
1138 4462 1220 4508 notat.

505 4529 533 4591 (⁸)
550 4528 580 4578 Ε.
596 4530 657 4593 quia
672 4529 746 4581 nihil.
1115 4531 1142 4594 (⁸)
1160 4536 1213 4594 tlt,
1230 4534 1321 4585 nobili.

505 4604 533 4665 (²)
549 4604 580 4654 E.
597 4618 649 4655 non
665 4606 751 4656 debes.
1115 4606 1144 4673 (⁸)
1159 4609 1190 4661 li.
1206 4611 1294 4664 ridere
1311 4615 1346 4661 le.
