3720 5566
580 493 716 547 caurus
742 492 898 547 necinus
923 492 1093 548 ocrnvus.
1373 486 1419 552 ab

230 608 380 713 dinem.
409 638 512 712 Unde
536 643 633 730 nota,
660 637 786 730 lector,
812 635 911 730 quod
942 636 1102 712 adulatio
1133 645 1188 713 est
1221 661 1310 715 vere
1334 641 1420 734 alta,

249 758 332 853 lata,
360 765 397 833 et
421 757 612 853 profunda,
632 756 730 830 unde
755 762 791 830 et
812 756 1018 851 paucissimi
1045 756 1282 832 inveniuntur
1308 760 1418 834 etiam

248 878 466 973 sapientum,
485 877 547 971 qui
569 897 643 950 non
668 876 826 949 habeant
846 876 1007 970 aliquam
1026 883 1167 970 partem
1186 878 1420 972 adulationis3

249 997 328 1071 ideo
354 999 450 1073 bene
475 998 621 1072 videtur
637 1017 769 1071 verum
788 995 885 1090 quod
903 996 1046 1070 dicebat
1066 1017 1141 1071 una
1163 998 1259 1073 bona
1276 1001 1420 1073 vetula:

250 1116 389 1191 dicebat
424 1118 522 1192 enim
558 1116 656 1210 quod
690 1136 808 1189 unum
844 1122 898 1190 est
937 1136 1115 1212 magnum
1153 1124 1344 1212 peccatum
1383 1118 1419 1191 in

251 1237 399 1331 mundo,
420 1237 466 1312 de
491 1257 567 1330 quo
597 1235 718 1309 nullus
744 1235 950 1327 confitetur,
977 1236 1112 1315 scilicet
1136 1236 1421 1331 complacentia;

250 1377 269 1428 e
291 1358 425 1449 quindi,
450 1356 585 1430 scilicet
610 1356 656 1429 de
682 1355 802 1429 medio
828 1354 938 1428 buius
951 1346 989 1446 (¹)
1010 1355 1140 1450 pontis,
1157 1358 1229 1429 vidi
1247 1363 1346 1447 pente
1361 1353 1421 1447 pit

249 1481 306 1550 nel
325 1483 424 1571 fosso
449 1482 609 1570 olnffola,
627 1476 718 1550 idest
735 1476 938 1569 submersa,
956 1479 994 1548 in
1015 1496 1085 1548 nno
1100 1482 1213 1548 sterco
1230 1480 1289 1549 cite
1302 1498 1419 1569 pareo

250 1619 367 1671 moeso
392 1601 442 1671 do
464 1601 477 1669 i
495 1600 642 1690 plioodt
664 1600 798 1686 omont,
817 1595 908 1669 idest
924 1617 945 1669 a
962 1596 1102 1669 latrinis
1121 1596 1333 1669 bominum:
1352 1598 1421 1670 boc

249 1716 335 1791 dicit
360 1717 448 1810 quia
472 1723 632 1791 stercora
658 1717 819 1789 bumana
846 1722 932 1787 sunt
955 1715 1136 1789 loetidiora
1160 1715 1250 1809 aliis,
1275 1721 1313 1789 et
1340 1716 1421 1809 plus

250 1836 397 1931 quando
416 1844 626 1930 moventur3
651 1837 708 1911 bic
724 1842 852 1910 autam
869 1835 1043 1909 continno
1060 1837 1316 1930 movebantur,
1334 1837 1421 1930 quia

250 1956 457 2030 adulatores
476 1956 649 2030 natabant
666 1956 702 2029 in
720 1975 765 2029 eo
783 1961 820 2030 et
836 1955 1089 2050 percutiebant
1106 1975 1147 2029 se
1164 1955 1302 2049 palmis.
1321 1955 1422 2029 Facit

251 2077 360 2150 etiam
388 2077 610 2152 mentionem
636 2076 757 2172 potius
782 2076 828 2150 de
853 2082 1016 2150 stercore
1039 2077 1213 2169 humano,
1235 2097 1347 2169 quam
1365 2078 1420 2151 al-

250 2196 362 2270 terius
386 2196 563 2291 animalis,
590 2196 677 2290 quia
702 2195 843 2269 adulari
861 2203 916 2270 est
936 2195 1125 2290 proprium
1150 2197 1317 2291 bominis,
1344 2219 1418 2272 non

250 2316 399 2389 alterius
431 2317 606 2390 animalis.
627 2356 677 2369 —
693 2321 726 2388 E
757 2323 888 2388 mentre
920 2318 979 2388 clte
1010 2307 1046 2389 ld
1074 2310 1135 2407 yid
1167 2337 1233 2388 con
1267 2320 1420 2391 l'occltio

249 2459 357 2512 cerco.
384 2438 449 2512 Hic
482 2444 592 2512 autor
617 2437 738 2532 incipit
771 2445 931 2512 tractare
956 2438 993 2511 in
1027 2441 1170 2534 speciali
1197 2442 1243 2516 de
1268 2443 1421 2536 quibus-

249 2557 333 2632 dam
351 2557 471 2631 unctis
490 2563 565 2631 tam
582 2557 687 2631 suavi
704 2565 911 2652 unguento3
929 2565 966 2632 et
982 2559 1102 2651 primo
1119 2562 1284 2635 nominat
1301 2582 1417 2634 unum

249 2679 370 2753 virum
398 2678 628 2753 modernum.
655 2678 725 2752 lste
750 2677 818 2750 luit
843 2678 991 2771 quidam
1009 2679 1158 2754 Alenius
1179 2681 1283 2755 miles
1304 2680 1421 2776 digni·

251 2806 336 2893 tate,
365 2798 494 2872 nobilis
523 2818 672 2893 genere,
704 2798 850 2872 natione
879 2800 1044 2894 lucanus,
1072 2808 1202 2874 natura
1229 2799 1418 2875 blandissi-

254 2939 347 2992 mus.
361 2917 443 2992 Fuit
461 2917 559 2992 enim
579 2917 626 2992 do
642 2918 894 2992 Interminellis
910 2918 957 2993 de
974 2919 1087 3013 Luca3
1101 2919 1147 2994 de
1161 2941 1234 3014 qua
1248 2920 1359 3014 stirpe
1373 2940 1418 2994 ex

253 3038 346 3113 linea
364 3044 532 3111 materna
550 3037 617 3109 luit
639 3037 698 3111 ille
715 3044 888 3112 strenuus
910 3039 1015 3113 miles
1037 3040 1268 3115 Castruccius
1292 3046 1420 3137 tyran-

251 3180 320 3233 nus
345 3159 518 3234 cordatus
539 3163 580 3232 -et
604 3158 763 3230 multum
790 3157 1006 3231 formidatus
1031 3159 1068 3232 in
1093 3165 1169 3233 tota
1194 3160 1336 3253 Tuscia,
1358 3160 1421 3253 qui

252 3280 318 3353 luit
344 3299 501 3375 magnus
527 3278 681 3352 malleus
706 3279 909 3372 Florentiae,
927 3278 1097 3352 dominus
1114 3280 1295 3373 Pisarum,
1312 3281 1421 3354 Lucae

251 3406 289 3474 et
312 3398 473 3492 Pistorii;
499 3398 545 3473 de
570 3418 644 3491 quo
669 3403 778 3471 autor
805 3404 927 3472 noster
949 3419 1023 3472 non
1042 3399 1125 3473 lacit
1145 3400 1367 3474 mentionem
1383 3391 1419 3492 (²)

251 3520 289 3592 in
315 3538 426 3614 opere
449 3539 530 3611 suo,
557 3518 643 3611 quia
669 3517 801 3591 claruit
826 3520 1036 3613 paulopost
1060 3526 1217 3594 mortem
1243 3519 1333 3594 eius.
1352 3521 1422 3593 lste

251 3658 340 3735 ergo
365 3638 515 3711 Alexius
540 3658 586 3712 ex
612 3658 726 3732 prava
751 3638 1016 3713 consuetudine
1046 3644 1189 3714 tantum
1215 3637 1422 3714 delectaba-

251 3765 313 3831 tur
337 3757 555 3852 adulatione,
583 3757 681 3851 quod
706 3758 849 3830 nullum
876 3778 1085 3833 sermonem
1118 3759 1253 3833 sciebat
1287 3760 1421 3853 iacere,

251 3899 363 3973 quem
397 3899 470 3952 non
504 3877 667 3952 condiret
701 3878 783 3952 oleo
815 3877 1050 3953 adulationis:
1086 3899 1214 3954 omnes
1248 3881 1421 3977 ungebat,

252 4019 378 4073 omnes
404 3998 575 4094 lingebat,
602 3997 712 4073 etiam
739 3997 931 4072 vilissimos
963 4006 1000 4074 et
1029 4000 1276 4075 mercenarios
1302 4000 1423 4073 lamu-

254 4119 324 4213 los;
350 4126 387 4193 et
413 4123 456 4190 ut
480 4118 552 4193 cito
577 4117 708 4211 dicam,
726 4123 825 4191 totus
849 4118 1006 4210 colabat,
1033 4127 1130 4194 totus
1156 4120 1305 4194 ioetebat
1329 4118 1423 4193 adu-

252 4239 395 4313 latione.
422 4238 507 4311 ldeo
536 4238 632 4313 bene
656 4244 764 4312 autor
793 4237 964 4311 describit
995 4260 1082 4313 eum
1117 4246 1234 4315 toturn
1267 4244 1419 4312 unctum

251 4360 318 4434 ista
343 4361 444 4453 saece,
470 4358 519 4432 ita
550 4366 592 4433 ut
623 4380 696 4432 non
726 4358 997 4432 discerneretur
1012 4350 1048 4451 (³)
1082 4360 1129 4432 ab
1163 4359 1308 4452 babitu3
1340 4365 1421 4434 erat

310 4556 337 4616 (¹)
353 4555 379 4605 S.
389 4555 629 4606 uuus-ltttltus.
698 4553 727 4617 (¹)
744 4560 798 4616 llo,
808 4556 966 4606 mentionem
976 4555 1018 4606 rel
1029 4555 1228 4618 descriptionem
1239 4555 1355 4619 inopere
1363 4569 1420 4609 suo.

313 4631 338 4694 (¹)
354 4629 380 4681 S.
397 4643 412 4680 c
431 4636 483 4693 116,
497 4632 702 4697 dignosceretur.
