3720 5566
435 475 483 542 30
830 483 1035 538 conauruu
1059 483 1211 536 mranur

435 632 559 729 ignem
575 624 611 724 (¹)
640 631 677 704 in
703 628 843 726 regiam
869 648 1075 724 persarum,
1092 626 1139 700 de
1165 647 1239 720 qua
1264 625 1478 699 dictumest
1498 645 1609 720 supra

435 753 471 827 in
498 753 656 848 capitulo
682 752 756 844 llll,
782 751 842 821 olle
865 752 1000 841 rtrpose
1017 751 1055 821 al
1074 750 1190 820 drudo
1206 767 1282 837 suo,
1301 746 1393 820 idest
1410 767 1522 841 proco
1540 768 1609 822 suo

433 872 536 947 fatue
554 871 691 947 amanti
718 890 801 943 eam
827 887 912 962 quae
937 866 1137 962 decipiebat
1155 886 1260 959 eum3
1281 872 1318 940 et
1340 866 1391 940 sio
1410 866 1494 940 vide
1511 867 1609 960 quod

434 1013 546 1086 supra
582 991 722 1086 punivit
755 990 853 1063 viros
889 989 1052 1062 fallentes
1086 987 1258 1062 mulieres
1290 986 1327 1059 iu
1361 1008 1517 1083 persona
1550 990 1610 1063 Ja-

434 1111 549 1205 sonis,
583 1131 681 1185 nunc
712 1110 816 1205 punit
850 1108 1024 1182 mulieres
1054 1108 1217 1182 fallentes
1246 1107 1345 1183 viros
1381 1107 1418 1181 in
1453 1128 1608 1202 persona

437 1230 592 1324 Thaidis,
609 1234 696 1303 unzi
712 1231 966 1319 meraotqltose,
985 1227 1076 1301 idest
1101 1227 1213 1302 habes
1238 1227 1377 1323 gratias
1398 1249 1470 1301 non
1488 1230 1608 1302 solum

436 1371 601 1446 magnas,
616 1350 679 1425 sed
704 1349 869 1445 ingentes
895 1347 993 1443 apud
1018 1338 1254 1441 mentiendo
1279 1350 1382 1439 disse,
1403 1347 1494 1422 idest
1518 1349 1611 1443 peti-

437 1470 500 1563 vit,
519 1472 563 1541 lto
588 1473 622 1542 iu
647 1472 770 1559 prozie
785 1470 919 1559 prandi
934 1489 1028 1559 appo
1045 1474 1099 1540 te?
1115 1468 1160 1539 Et
1176 1467 1234 1540 hic
1252 1474 1351 1561 nota,
1368 1466 1495 1561 lector,
1511 1468 1609 1562 quod

435 1590 551 1685 aliqui
578 1589 771 1682 mirantur,
789 1589 864 1662 imo
886 1578 1112 1662 ualuinniant
1135 1587 1273 1662 dictum
1299 1588 1450 1681 autoris,
1471 1589 1530 1662 hio
1555 1588 1610 1662 di-

436 1716 573 1803 centes,
601 1709 699 1804 quod
724 1708 829 1781 Thais
856 1729 929 1782 non
955 1709 1038 1783 feeit
1063 1708 1169 1781 istam
1200 1709 1471 1804 responsionem
1504 1712 1611 1783 Tras-

438 1830 531 1923 soni,
550 1829 643 1904 siout
655 1829 734 1923 jam
753 1828 888 1923 scripsi.
906 1828 958 1901 Ad
976 1828 1075 1921 quod
1093 1829 1307 1924 respondeo,
1325 1829 1423 1923 quod
1443 1829 1538 1903 istud
1554 1836 1610 1923 est

439 1949 552 2024 rixari
577 1950 624 2023 de
649 1950 733 2023 lana
758 1947 906 2044 caprina
931 1957 968 2023 et
992 1948 1039 2023 de
1063 1949 1145 2045 lege
1171 1949 1277 2023 suffia
1299 1950 1439 2023 canina.
1461 1950 1554 2023 Nam
1581 1948 1611 2022 si

438 2070 546 2143 Thais
573 2068 697 2143 retulit
722 2068 808 2142 istas
833 2078 956 2164 grates
975 2067 1130 2142 Gnatoni
1149 2069 1283 2144 nuncio
1299 2069 1498 2163 Trassonis,
1517 2070 1611 2143 bene

442 2190 560 2286 potuit
584 2191 706 2265 dicere
730 2195 840 2263 autor
865 2188 964 2283 quod
990 2190 1156 2264 retulerit
1170 2183 1207 2283 (²)
1234 2191 1300 2287 ipsi
1325 2189 1505 2284 Trassoni,
1523 2188 1609 2283 quia

438 2316 657 2407 procurator
683 2317 719 2384 et
740 2310 895 2384 nuncius
912 2316 968 2384 est
985 2316 1174 2405 tamqnam
1196 2312 1275 2407 pica
1293 2318 1330 2386 et
1347 2332 1529 2407 organum
1550 2329 1610 2384 re-

437 2431 561 2505 serens
586 2428 700 2505 verba
714 2419 751 2521 (³)
778 2429 926 2503 domini.
953 2430 997 2502 m
1024 2430 1152 2504 ultimo
1180 2441 1289 2507 autor
1313 2431 1487 2505 terminat
1512 2429 1611 2524 eapi-

439 2549 560 2622 tulum
577 2537 613 2641 (⁶)
640 2555 677 2623 et
703 2549 897 2622 materiam
927 2548 1033 2622 istam
1068 2550 1306 2624 concludens:
1337 2572 1356 2622 e
1387 2554 1503 2644 quinci
1532 2552 1610 2622 don

436 2672 611 2743 terrestre
636 2671 720 2742 oiste
748 2671 859 2761 aazia,
885 2669 991 2761 quasi
1021 2668 1140 2742 dicat:
1168 2670 1253 2742 satis
1279 2669 1446 2743 stetimus
1471 2669 1508 2741 iu
1536 2670 1610 2743 alto

438 2795 550 2883 ponte
574 2788 620 2861 ad
647 2788 914 2883 respiciendum
946 2795 984 2864 et
1013 2789 1336 2883 contemplandum
1366 2789 1461 2863 istud
1493 2788 1612 2863 lundi-

437 2928 524 2981 cum
552 2928 696 3003 magnae
710 2900 747 3000 (⁵)
775 2909 965 3003 spellariae.
993 2911 1037 2983 Et
1062 2910 1120 2984 hic
1140 2917 1226 2985 nuta
1246 2909 1465 2985 laudabilem
1488 2916 1525 2985 et
1542 2910 1612 2982 mi·

439 3026 591 3101 rabilem
618 3028 801 3101 cantelam
827 3029 977 3124 autoris,
992 3030 1055 3124 qui
1073 3036 1150 3104 tarn
1171 3030 1243 3104 cito
1261 3051 1301 3105 se
1318 3031 1463 3126 expedit
1480 3032 1526 3105 de
1544 3030 1613 3104 du·

305 3192 306 3195 ¹
438 3149 518 3244 plici
552 3148 705 3224 materia
735 3149 895 3223 duarum
932 3151 1144 3246 bulgiarum
1182 3156 1372 3244 tamquam
1410 3150 1609 3225 utilissima.

437 3269 539 3343 Siout
556 3268 654 3342 enim
672 3289 800 3344 sensus
816 3270 993 3345 abhorret
1011 3271 1095 3346 talia
1113 3271 1249 3365 videre,
1267 3272 1364 3346 unde
1382 3272 1494 3346 homo
1511 3272 1613 3345 olau-

438 3388 489 3463 dit
515 3408 623 3463 nares
648 3394 685 3464 et
709 3389 923 3465 transvertit
951 3390 1083 3485 visum,
1116 3391 1165 3466 ita
1195 3391 1325 3466 oculus
1357 3390 1612 3465 intellectualis

439 3509 525 3582 talia
549 3508 762 3604 detestatur,
789 3516 826 3585 et
851 3510 922 3585 cito
947 3510 1092 3585 divertit
1117 3512 1164 3585 ad
1189 3512 1297 3586 aliam
1325 3512 1531 3587 materiam.

501 3770 529 3835 (¹)
547 3778 601 3834 llo,
618 3774 703 3837 ignem
719 3775 747 3825 iu
762 3789 843 3840 regno
859 3789 1004 3839 persarum.

502 3848 529 3912 (¹)
546 3850 577 3900 Ε.
594 3851 692 3902 retulit.
703 3879 732 3890 -·
743 3858 797 3911 116,
812 3854 933 3905 retulerit
949 3855 995 3904 sibl
1012 3855 1134 3905 Trnroni.

500 3924 527 3988 (‘)
544 3926 574 3976 lt.
592 3927 669 3977 rerba
685 3928 783 3980 domini
798 3931 847 3980 sui.
864 3929 906 3982 m.
917 3956 948 3969 -
958 3935 1012 3991 llo,
1029 3931 1139 3982 verbum
1156 3932 1263 3982 domini.
1281 3932 1322 3983 Et

501 4002 529 4061 (⁸)
545 4002 570 4052 S.
586 4003 655 4054 istud
671 4006 821 4068 capitulum.
1005 4006 1035 4070 (⁸)
1054 4010 1098 4058 llll
1114 4020 1130 4058 e
1147 4009 1177 4059 E.
1193 4023 1316 4074 magnum
1333 4008 1467 4072 spetirrle.

895 4328 1160 4339 ——-.—.
