3720 5566
440 456 487 525 52
838 471 1042 528 conburunt
1066 474 1217 527 mannus

437 617 606 693 fraudem
624 619 870 694 commissam.
889 621 975 694 llaec
992 620 1121 694 electio
1139 620 1234 694 lacta
1252 625 1307 694 est
1324 618 1361 693 in
1378 620 1539 715 MCCCV,
1553 620 1612 695 die

438 739 565 833 quinta
581 739 687 834 junii,
713 749 751 816 ot
776 746 972 815 vacaverat
998 739 1102 815 sedes
1119 739 1307 814 mensibus
1324 738 1466 835 decem,
1483 739 1611 815 diebus

435 857 562 954 viginti
574 867 667 934 octo.
682 860 786 935 Nunc
800 880 891 957 ergo
904 860 1105 956 considera,
1120 862 1247 955 lector,
1261 860 1291 934 si
1303 861 1372 937 iste
1387 882 1480 965 papa
1494 855 1607 955 saiw)

434 983 583 1052 creatus
603 1000 690 1053 cum
711 979 845 1054 maiori
870 980 1011 1075 fraude,
1030 1001 1143 1075 quam
1161 980 1379 1057 Boniiacius.
1399 982 1469 1057 Sed
1490 981 1609 1056 cardi-

436 1098 537 1172 nales
554 1098 663 1173 italici
680 1100 755 1173 suis
772 1099 957 1173 discordiis
975 1106 1013 1174 et
1029 1100 1143 1195 culpis
1160 1100 1255 1176 bene
1275 1102 1425 1175 luerunt
1443 1101 1608 1197 castigati

435 1238 458 1291 a
493 1217 728 1312 vasconibus,
761 1218 849 1312 quia
879 1218 983 1323 curia
1016 1219 1190 1295 translata
1223 1220 1291 1294 luit
1326 1222 1422 1296 ultra
1452 1228 1607 1311 montes.

435 1337 528 1411 Nam
553 1336 845 1433 archiepiscopus
867 1345 1086 1432 praesentata
1104 1339 1169 1413 sibi
1187 1340 1365 1416 electione
1389 1341 1486 1436 apud
1512 1342 1608 1413 Bur-

436 1455 616 1553 degalam,
643 1457 764 1532 statim
802 1458 1004 1554 acceptavit
1037 1459 1204 1555 libenter,
1239 1467 1276 1535 et
1313 1462 1487 1536 continuo
1516 1460 1607 1535 cita-

434 1576 489 1659 vit
522 1576 736 1672 cardinales,
768 1578 867 1671 quod
900 1578 1079 1654 deberent
1106 1580 1161 1654 ire
1190 1581 1413 1677 Lugdunum
1443 1582 1492 1655 ad
1528 1582 1607 1656 eins

434 1696 710 1771 coronationem
736 1718 848 1793 supra
874 1698 1105 1794 Rhodanum,
1131 1706 1168 1774 et
1198 1700 1282 1775 iecit
1311 1722 1352 1776 se
1375 1701 1502 1776 vocari
1527 1702 1609 1776 Cle-

434 1823 597 1891 mentem
620 1817 668 1911 V3
695 1824 731 1892 et
757 1819 948 1912 requisivit
971 1840 1098 1917 regem
1118 1820 1282 1897 Franciae
1300 1830 1337 1897 et
1356 1823 1549 1920 dragoniae
1568 1831 1606 1898 et

432 1956 561 2011 omnes
590 1937 748 2012 barones
783 1939 943 2035 gallicos,
979 1947 1021 2014 ut
1051 1941 1229 2016 adessent.
1261 1942 1470 2018 cardinales
1499 1943 1606 2018 italici

432 2055 585 2132 inerunt
610 2077 656 2133 ex
682 2059 752 2132 boc
778 2060 938 2134 multum
965 2060 1118 2157 confusi,
1139 2069 1177 2137 ot
1201 2063 1354 2159 gravati.
1372 2065 1416 2137 Et
1435 2063 1606 2138 dominus

432 2177 623 2251 llattbaeus
648 2178 813 2274 Rubeus,
835 2179 892 2254 vir
916 2181 1203 2278 antiquissimus,
1229 2183 1329 2278 prior
1353 2184 1605 2278 cardinalium,

432 2297 575 2373 detecta
601 2298 740 2394 fraude,
767 2299 856 2373 dixit
881 2301 1055 2375 cardinali
1080 2303 1260 2398 pratensi:
1282 2304 1417 2378 Venisti
1436 2304 1482 2377 ad
1502 2310 1606 2400 opta-

433 2424 538 2510 tum;
563 2417 627 2492 sed
653 2418 757 2493 tarde
786 2425 996 2494 revertetur
1028 2422 1180 2496 ecclesia
1205 2421 1242 2495 in
1271 2422 1422 2497 ltaliam.
1449 2423 1494 2501 Et
1523 2444 1606 2499 car-

433 2537 543 2611 dinali
563 2538 774 2634 Neapolioni
799 2539 908 2614 dixit:
934 2542 1015 2616 lleu
1042 2542 1164 2638 miser,
1190 2542 1330 2618 infelix!
1359 2544 1468 2619 hodie
1492 2544 1605 2620 iecisti

434 2665 545 2754 caput
581 2659 707 2734 mundi
741 2659 788 2734 de
820 2666 931 2756 gente
959 2661 1037 2735 sine
1066 2663 1194 2758 capite.
1226 2664 1462 2761 congregatis
1494 2665 1605 2762 igitur

433 2778 677 2853 cardinalibus
701 2778 799 2873 apud
824 2779 1061 2876 Lugdunum,
1077 2803 1172 2878 papa
1188 2782 1255 2857 luit
1275 2790 1472 2858 coronatus
1497 2776 1604 2877 die(²)

434 2898 629 2973 undecima
642 2899 864 2994 novembris,
877 2900 914 2973 in
927 2902 1121 2996 praesentia
1138 2902 1236 3000 regis
1249 2903 1422 2978 Franciae.
1437 2904 1556 2991 Quem
1567 2895 1604 2997 (³)

428 3019 537 3115 juxta
562 3018 783 3114 promissum
811 3042 905 3115 papa
922 3023 1253 3099 recommunicavit
1267 3012 1304 3116 (ἢ
1327 3031 1365 3099 et
1385 3024 1543 3099 restituit
1559 3023 1605 3098 ad

431 3158 561 3213 omnes
585 3140 744 3214 bonores
770 3146 807 3215 et
831 3140 1034 3237 dignitates,
1053 3143 1188 3236 quibus
1208 3143 1414 3218 Bonilacius
1437 3145 1605 3240 privave-

432 3265 490 3333 rat
515 3279 622 3353 cum3
648 3264 686 3333 et
710 3258 859 3338 donavit
875 3261 941 3335 sibi
958 3261 1119 3337 decimas
1141 3263 1253 3337 totius
1278 3263 1382 3360 regni
1408 3284 1473 3359 per
1499 3264 1605 3358 quim

431 3379 645 3474 quennium.
673 3379 717 3451 Et
742 3379 788 3453 ad
814 3380 1023 3475 petitionem
1054 3382 1139 3456 dicti
1170 3382 1266 3480 regis
1299 3383 1381 3461 lecit
1409 3383 1603 3458 duodecim

430 3500 632 3575 cardinales
652 3520 828 3575 vascones
854 3507 891 3576 et
915 3502 1072 3598 francos,
1090 3523 1219 3578 omnes
1239 3503 1377 3577 amicos
1401 3511 1439 3578 et
1463 3504 1603 3579 officia-

429 3622 483 3696 les
507 3620 592 3694 dicti
618 3620 724 3716 regis.
756 3620 925 3695 Restituit
956 3623 1067 3696 etiam
1097 3623 1191 3697 duos
1224 3623 1425 3698 cardinales
1455 3624 1502 3699 de
1531 3625 1602 3698 Go-

429 3743 557 3818 lumna
582 3742 629 3816 ad
654 3762 782 3817 omnes
806 3743 965 3817 bonores
995 3749 1032 3817 et
1061 3743 1265 3840 dignitates,
1291 3744 1425 3839 quibus
1455 3745 1601 3820 fuerant

428 3862 559 3961 privati
584 3884 607 3937 a
633 3862 827 3938 Bonifacio.
853 3863 915 3937 His
939 3864 1050 3959 gestis
1076 3865 1226 3940 recessit
1250 3886 1337 3939 cum
1355 3866 1600 3940 cardinalibus

429 3991 466 4061 et
491 3989 567 4059 tota
592 3982 696 4057 curia
720 3982 767 4057 ad
790 4003 897 4057 suam
915 3983 1099 4059 civitatem
1117 3985 1374 4081 Burdegalam,
1392 3986 1455 4060 ubi
1473 4006 1602 4062 omnes

428 4109 505 4180 tam
521 4101 723 4177 cardinales
749 4123 862 4196 quam
887 4102 947 4176 alii
973 4104 1082 4217 italici
1099 4097 1134 4198 (⁶)
1153 4105 1306 4182 luerunt
1322 4106 1420 4181 male
1437 4108 1600 4202 tractatu

488 4381 514 4441 (¹)
532 4384 586 4439 tlt,
602 4383 660 4430 arnt
676 4384 779 4430 creatus
794 4392 856 4430 cum
871 4392 973 4443 magna.
1106 4380 1132 4443 (¹)
1149 4380 1176 4430 S.
1192 4380 1232 4432 dio
1248 4380 1357 4432 decima.

490 4455 516 4518 θ)
533 4455 564 4505 Ε.
580 4454 664 4517 Quem
681 4468 771 4520 regam
783 4454 866 4518 J'uxtn.

489 4531 517 4669 {t}
532 4530 559 4657 ἓ
576 4533 777 4658 ffimnnicavit
793 4538 820 4584 et
836 4534 1063 4593 restituit-116,
1081 4533 1259 4586 reconciliavit
1274 4538 1302 4584 nt
1317 4532 1438 4584 restituit.
