3720 5566
571 501 708 557 censos
732 503 889 559 uncinus
913 504 1081 560 oernvos.
1368 498 1412 563 17

235 648 399 721 occurrit
424 646 492 720 sibi
506 638 543 739 (¹)
571 646 766 720 Veneticns
792 648 1077 742 (lucianemicus,
1103 670 1188 723 cum
1216 671 1291 745 quo
1318 651 1412 726 lacto

235 768 340 844 brevi
366 786 550 861 sermone,
568 788 667 840 nunc
687 768 855 861 pervenit
868 759 906 860 (²)
925 768 973 842 ad
989 768 1179 843 introitum
1197 771 1305 865 primi
1322 793 1413 866 pon-

236 889 281 963 tis
288 913 298 984 3
324 889 408 963 ideo
432 888 535 962 dicit:
562 909 582 959 e
605 890 755 978 santium
780 891 904 980 qtaello,
931 887 1023 962 idest
1048 888 1280 963 ascendimus
1307 890 1409 963 illum

235 1009 428 1105 scopulum
455 1008 532 1083 sive
557 1016 706 1102 pontem
731 1008 906 1102 primum,
933 1011 1031 1080 ossoi
1054 1011 1301 1100 ligtcromcnte,
1324 1010 1411 1103 quia

236 1149 311 1203 non
337 1136 416 1203 erat
439 1130 537 1203 altus
563 1129 622 1203 vel
648 1128 797 1222 arduus,
815 1129 910 1202 sicut
929 1128 1005 1222 ripa
1026 1149 1092 1223 per
1119 1150 1231 1221 quarn
1256 1147 1415 1203 venera-v

238 1270 332 1322 mus.
359 1249 404 1321 Et
432 1247 616 1343 specificat
648 1247 798 1321 modum
830 1248 999 1341 intrandi,
1025 1247 1170 1322 dicens:
1197 1269 1217 1319 e
1245 1250 1306 1320 noi
1329 1250 1413 1320 volti

237 1390 262 1442 α
284 1371 404 1442 desim
427 1390 469 1441 su
490 1390 558 1460 per
583 1371 619 1440 lo
643 1389 709 1439 suo
727 1371 902 1459 scdeggio,
928 1367 1018 1441 idest
1043 1368 1122 1441 eius
1148 1388 1249 1462 sano,
1267 1371 1300 1441 ci
1317 1388 1411 1461 par-

238 1491 356 1563 timmo
382 1492 431 1562 da
455 1491 563 1580 quelle
582 1490 713 1561 cerciie
729 1494 856 1580 eterne,
875 1488 966 1562 idest
982 1489 1201 1562 recessimus
1224 1510 1246 1563 a
1272 1489 1409 1563 circulo

237 1607 414 1682 exteriori
431 1607 494 1700 qui
510 1605 645 1681 claudit
660 1627 802 1701 omneS,
815 1613 858 1679 ut
876 1605 1012 1680 dietum
1034 1613 1088 1680 est
1104 1598 1153 1701 (³),
1168 1614 1205 1682 et
1222 1618 1277 1684 est
1301 1616 1410 1684 aeter-

238 1748 288 1803 na
305 1717 343 1819 (⁴)
371 1733 408 1801 et
433 1734 530 1802 totus
554 1727 727 1803 infernus.
746 1727 790 1799 Et
815 1726 936 1801 subdit
956 1727 1141 1820 quomodo
1166 1727 1336 1823 Virgilius
1356 1728 1411 1802 di·

237 1846 376 1923 rexerit
410 1867 498 1921 eum
531 1846 568 1920 in
599 1847 882 1941 speculationem
906 1838 942 1937 (⁵)
969 1867 1073 1920 norae
1097 1846 1216 1944 gentis
1247 1848 1410 1922 nondum

237 1969 346 2061 visae,
372 1973 409 2041 et
433 1968 512 2041 vult
528 1967 690 2042 breviter
712 1965 846 2062 dicere,
864 1966 963 2062 quod
988 1987 1075 2041 cum
1102 1967 1154 2040 sic
1179 1967 1299 2042 eundo
1325 1988 1411 2062 per-

239 2088 422 2164 venissent
441 2087 487 2162 ad
506 2087 668 2162 medium
694 2089 823 2183 pontis,
841 2087 1012 2184 Virgilius
1029 2086 1140 2161 dixit:
1158 2089 1329 2182 Expecta,
1347 2109 1409 2161 re-

237 2210 345 2284 volve
371 2218 419 2303 te,
445 2213 488 2280 ut
513 2207 636 2282 videas
662 2207 751 2281 alios
784 2207 942 2281 infelices
968 2228 1061 2301 quos
1091 2208 1254 2281 nondum
1281 2207 1409 2301 vidisti,

239 2327 326 2421 quia
351 2348 425 2402 non
441 2317 479 2418 (⁸)
504 2326 699 2401 veniebant
723 2346 811 2400 curn
841 2326 960 2401 lronte
990 2346 1121 2400 versus
1152 2347 1217 2401 nos
1243 2328 1335 2401 sieut
1360 2327 1410 2400 illi

238 2446 358 2543 primi,
384 2446 460 2519 imo
484 2445 623 2518 vadunt
655 2446 747 2519 sicut
781 2465 857 2519 nos.
888 2445 1022 2519 Ordine
1056 2446 1107 2520 sie
1139 2446 1295 2541 literam,
1326 2467 1409 2539 quae

238 2588 313 2640 non
337 2572 392 2641 est
417 2565 511 2639 bene
528 2565 645 2639 clara:
663 2570 713 2637 Lo
739 2569 830 2639 duco
846 2568 956 2639 disse:
974 2569 1121 2657 cttcttdc,
1140 2566 1231 2640 idest
1249 2565 1354 2639 firma
1372 2573 1410 2640 te

238 2686 275 2758 in
300 2685 421 2760 medio
446 2684 556 2758 huius
581 2685 711 2779 pontis,
728 2689 802 2779 esa
822 2687 880 2757 cie
896 2688 923 2757 ’l
941 2687 1015 2757 ut'so
1034 2687 1072 2757 di
1088 2688 1198 2776 questi
1213 2687 1297 2757 altri
1316 2687 1408 2756 moi-

238 2809 326 2897 uoti,
351 2805 438 2898 quia
463 2803 627 2879 similiter
652 2812 738 2878 sunt
762 2804 924 2878 damnati
940 2812 1089 2899 propter
1106 2804 1217 2878 vilem
1240 2802 1406 2877 fraudem

239 2925 472 3000 commissam
503 2924 539 2996 in
565 2923 749 3018 mulieres,
776 2927 814 2997 ai
843 2927 939 3015 quati
966 2945 1039 2996 noe
1071 2927 1199 2998 vedesti
1231 2944 1343 2997 amor
1373 2927 1410 2996 la
1510 2978 1512 2981 -

234 3050 364 3143 saccio,
390 3053 426 3120 et
452 3063 538 3119 ecce
563 3064 725 3136 causam,
744 3035 832 3136 perd
852 3046 912 3117 cte
936 3065 1023 3117 sono
1048 3048 1173 3118 andeli
1186 3047 1327 3118 insieme
1342 3065 1409 3116 con

237 3172 310 3259 noi,
327 3187 373 3241 eo
399 3163 510 3238 modo
535 3169 722 3258 portantes
738 3162 867 3237 iaeiem
887 3184 961 3256 quo
982 3185 1048 3238 nos
1065 3163 1293 3259 portavimus
1317 3164 1409 3237 huc-

239 3307 369 3381 usque,
391 3288 523 3379 segem,
549 3282 640 3356 idest
664 3282 782 3377 feriat,
806 3287 844 3355 in
868 3289 911 3375 te,
939 3285 1042 3377 quasi
1067 3284 1179 3358 dieat:
1205 3291 1246 3356 ut
1279 3284 1409 3357 oculus

238 3415 328 3481 tuus
352 3405 445 3479 bene
469 3403 639 3498 respiciat
663 3423 746 3497 eos3
773 3408 810 3476 et
835 3403 905 3476 hoe
930 3402 1018 3475 dixit
1048 3403 1236 3498 Virgilius:
1268 3405 1410 3493 quondo

237 3528 301 3598 noi
320 3529 453 3618 summo
469 3514 505 3596 ld
521 3525 640 3596 doe’el
663 3524 849 3613 vancggio,
870 3521 961 3595 idest
978 3522 1041 3594 ubi
1064 3521 1123 3595 ille
1144 3522 1315 3616 scopulus
1332 3520 1409 3595 sire

236 3666 328 3740 pons
352 3650 409 3718 est
432 3664 585 3735 racuuS,
603 3644 640 3714 di
656 3648 744 3714 sotto
756 3662 825 3732 per
840 3642 911 3713 dor
925 3661 1033 3732 passo
1051 3661 1074 3711 o
1093 3642 1118 3712 li
1132 3643 1298 3733 sseretott,
1317 3639 1408 3714 idest

237 3771 278 3838 ut
303 3764 354 3837 illi
378 3762 537 3858 instigati
554 3754 686 3835 iaciant
703 3760 897 3834 transitum
916 3780 1026 3832 suum
1044 3758 1182 3833 directe
1198 3759 1268 3832 sub
1286 3759 1407 3834 medio

237 3886 331 3959 illius
355 3883 494 3980 pontis;
521 3882 618 3977 quia,
634 3886 674 3954 ut
699 3879 829 3954 audisti
854 3901 977 3975 supra,
998 3879 1118 3954 media
1142 3900 1227 3973 pars
1253 3879 1408 3954 istorum

237 4004 385 4079 tenebat
409 4003 542 4077 vallem
568 4000 659 4075 citra
684 3998 858 4092 medium,
876 3997 947 4073 alia
970 3998 1145 4073 medietas
1165 3999 1273 4092 ultra,
1294 3999 1366 4074 etl
1390 4040 1409 4053 -

236 4125 374 4221 gientes
398 4128 485 4198 ante
510 4121 639 4195 faciem
666 4120 878 4194 daemonum
909 4119 1087 4192 iratorum
1119 4118 1203 4192 hinc
1232 4119 1317 4192 inde
1341 4138 1408 4212 per

233 4244 331 4340 ripas
357 4262 486 4318 omnes
512 4240 793 4316 revertebantur
810 4238 856 4312 ad
874 4237 984 4311 istum
1002 4258 1226 4332 passum-
1238 4239 1312 4309 Dol
1331 4257 1410 4309 oec-

299 4480 326 4541 (¹)
341 4477 367 4528 S.
384 4479 409 4528 ei
426 4478 572 4528 Veueileus.
823 4470 851 4533 l'l
868 4477 922 4533 llo,
939 4474 1056 4536 pervenit
1072 4486 1133 4523 cum
1150 4472 1260 4536 Virgilio
1276 4473 1317 4523 ad.

298 4553 325 4614 (¹)
340 4554 372 4605 Ε.
390 4554 552 4605 dictumest.
570 4555 603 4604 Et
619 4553 712 4603 subdit.
823 4550 849 4613 (⁸)
868 4554 921 4610 llo,
939 4555 1035 4601 eterne
1056 4552 1123 4601 sicut
1138 4555 1166 4602 et
1182 4554 1251 4601 totns
1267 4550 1392 4602 inienuus.

298 4629 327 4693 (¹)
344 4629 369 4679 S.
385 4631 412 4680 in
428 4632 613 4695 speculatione.
821 4627 849 4691 (θ)
864 4627 896 4677 Ε.
913 4629 973 4692 quia
989 4628 1114 4678 nondum.

370 4736 402 4782 11·
1260 4734 1274 4775 2
