3720 5566
606 504 745 559 caurus
770 505 928 561 nunnus
952 505 1122 561 ocrnvus.
1407 498 1452 564 23

276 647 453 747 generali,
471 653 509 722 et
533 647 580 721 dc
593 640 629 739 (⁴)
656 647 791 742 punitis
816 649 896 722 eius
921 650 958 722 in
982 649 1139 744 speciali.
1161 651 1204 724 Et
1220 651 1341 747 primo
1366 674 1456 727 con.-

276 768 426 842 tinuans
451 767 546 841 dicta
571 766 741 860 dicendis,
767 767 871 842 dicit:
900 760 966 843 ott
991 760 1191 842 mavomld
1212 793 1275 843 ove
1294 775 1455 847 ostreno

278 891 380 979 code,
405 886 497 961 idest
521 906 613 981 pons
638 907 704 981 per
728 908 839 980 quem
861 888 971 981 ibant,
988 890 1271 981 a'incroctcobto,
1290 889 1380 965 idest
1397 892 1455 964 in-

277 1015 513 1105 corporatur,
545 1008 781 1103 incastratur,
814 1009 1071 1104 committitur,
1103 1011 1357 1106 conjungitur,
1390 1032 1456 1084 con

280 1133 435 1220 t’arptne
459 1130 623 1218 secondo,
650 1126 740 1200 idest
766 1147 852 1201 oum
879 1129 1040 1203 secunda
1066 1129 1143 1224 ripa
1169 1129 1351 1223 circulari,
1371 1150 1455 1223 quae

280 1248 403 1324 dividit
427 1248 587 1343 primam
613 1247 777 1344 bulgiam
803 1269 826 1322 a
851 1248 1023 1342 soconda,
1045 1253 1123 1343 esa
1148 1252 1185 1322 dt
1209 1253 1298 1342 quot,
1319 1249 1454 1324 scilicet

279 1389 429 1466 aggere,
454 1372 566 1461 spolte
590 1371 641 1441 od
663 1389 712 1440 nn
736 1371 830 1440 ultro
859 1389 960 1460 arco,
990 1369 1076 1462 quia
1106 1370 1241 1444 scilicet
1271 1371 1454 1446 secundus

278 1510 371 1585 pons
396 1489 570 1562 tundatur
596 1488 632 1560 in
658 1487 727 1561 ista
752 1487 830 1583 ripa
855 1487 1036 1582 secunda3
1063 1496 1100 1563 et
1125 1491 1204 1564 vult
1229 1490 1352 1565 dicere
1379 1512 1455 1565 uno

280 1609 408 1703 verbo,
427 1609 525 1702 quod
537 1610 614 1704 jam
640 1616 886 1702 pervenerant
903 1607 1077 1684 adfinem
1097 1610 1206 1705 primi
1223 1612 1353 1708 pontis,
1376 1613 1454 1687 visa

279 1728 388 1824 plene
412 1728 531 1824 prima
554 1729 689 1825 bulgia,
708 1735 745 1803 et
770 1729 816 1802 ad
842 1729 1059 1825 principium
1084 1732 1235 1805 secundi
1261 1734 1390 1827 pontis.
1409 1736 1455 1807 dt

280 1849 337 1922 bic
364 1855 450 1923 nota
476 1849 574 1943 quod
604 1856 714 1923 autor
746 1848 805 1923 hio
836 1857 961 1924 servat
992 1871 1109 1923 unum
1143 1852 1309 1948 modum,
1341 1875 1453 1947 quem

279 1989 354 2042 non
378 1976 501 2043 servat
525 1968 562 2041 in
588 1974 663 2045 tota
696 1968 842 2043 civitate
875 1968 1053 2063 infernali,
1079 1969 1166 2063 quia
1198 1971 1283 2045 alibi
1308 1955 1473 2067 sempor

281 2087 365 2162 iacit
392 2109 507 2161 unum
533 2088 592 2163 vel
616 2089 724 2183 plora
749 2088 907 2181 capitula
936 2088 983 2161 de
1013 2109 1089 2162 uno
1114 2089 1238 2183 aliquo
1265 2090 1369 2185 vitio,
1396 2092 1454 2166 hic

280 2228 371 2281 vero
396 2213 596 2303 pertractat
612 2208 704 2282 duas
721 2207 859 2302 species
876 2206 1013 2281 fraudis
1030 2207 1067 2280 in
1084 2209 1214 2282 eodem
1226 2200 1263 2301 (²)
1282 2210 1453 2306 capitulo,

283 2328 368 2421 quia
393 2327 470 2401 istae
487 2328 571 2402 duae
589 2327 735 2402 fraudes
754 2328 890 2402 babent
907 2327 1108 2401 maximam
1126 2329 1340 2404 affinitatem
1359 2331 1453 2405 inter
1470 2317 1479 2336 ⁶

282 2468 332 2542 se,
358 2447 493 2521 scilicet
518 2447 738 2522 lenocinium
771 2454 808 2521 ct
839 2447 1011 2544 adulatio,
1037 2448 1112 2522 imo
1146 2449 1265 2523 omnis
1291 2451 1373 2525 leno
1400 2457 1456 2525 est

281 2569 463 2659 adulator,
489 2567 573 2643 licet
597 2589 669 2642 non
696 2587 932 2662 econverso,
959 2575 996 2643 et
1028 2575 1187 2663 uterquc
1219 2589 1365 2664 semper
1396 2570 1453 2642 in-

280 2688 396 2763 tendit
427 2688 606 2782 decipere.
625 2728 675 2741 -
701 2691 837 2777 Ootndi.
868 2688 933 2762 Hic
963 2696 1072 2763 autor
1104 2689 1273 2763 describit
1306 2709 1454 2784 poenam

283 2807 516 2883 adulatorum
542 2807 579 2880 in
602 2807 775 2903 generali.
802 2807 855 2880 dd
882 2808 988 2881 ouius
1014 2807 1288 2904 intelligentiam
1309 2815 1364 2883 cst
1387 2830 1455 2882 no-

283 2926 434 3000 tandum
460 2928 559 3021 quod
584 2934 693 3001 autor
719 2927 781 3002 dat
806 2927 1057 3005 adulatoribus
1086 2949 1235 3022 poenam
1268 2929 1457 3024 vitupero-

281 3068 361 3123 sam
388 3047 496 3121 nimis
520 3048 726 3122 secundum
752 3048 975 3144 exigentiam
1001 3050 1166 3123 materiae
1193 3050 1309 3123 ioedae.
1337 3049 1456 3146 Fingit

281 3168 379 3243 enim
405 3167 506 3261 quod
531 3167 587 3240 isti
612 3172 708 3240 stant
725 3167 906 3242 submersi
924 3168 961 3240 in
980 3190 1053 3242 nna
1071 3169 1166 3242 valle
1183 3169 1355 3243 stercoris
1372 3169 1456 3242 bul-

282 3290 412 3383 lientis,
438 3309 484 3363 ex
511 3309 585 3383 qua
617 3294 765 3362 emanat
796 3288 980 3362 maximus
1006 3289 1114 3363 soetor
1140 3294 1176 3363 et
1203 3288 1437 3363 intolerabilis
1444 3313 1454 3382 3

284 3429 372 3483 nam
398 3408 502 3482 multi
527 3409 695 3483 doctores
727 3408 907 3503 appellant
935 3408 1183 3483 adulationem
1217 3412 1353 3483 oleum.
1379 3409 1457 3482 Au-

284 3535 343 3604 tor
368 3549 468 3623 vero,
487 3529 551 3624 qui
567 3529 635 3602 luit
654 3528 803 3624 rigidus
821 3536 863 3603 ut
886 3530 975 3604 Cato
1001 3536 1145 3604 amator
1163 3531 1371 3623 honestatis,
1390 3529 1457 3603 ha-

282 3649 363 3722 buit
387 3649 475 3723 istos
502 3648 549 3723 ad
583 3668 773 3721 summum
808 3647 1012 3743 lastidium3
1037 3649 1119 3724 idco
1152 3650 1247 3723 bene
1272 3648 1454 3724 convertit

283 3770 409 3843 oleum
440 3768 477 3842 in
508 3776 665 3862 stercns;
692 3789 777 3841 nam
804 3768 926 3841 nullus
958 3768 1095 3843 fodiens
1120 3769 1158 3841 in
1190 3774 1365 3864 stercore,
1391 3775 1457 3842 ant

284 3910 445 3987 purgans
463 3890 611 3963 latrinas
629 3895 683 3963 est
703 3889 752 3963 ita
770 3888 1004 3964 fastidiendus
1029 3898 1066 3965 et
1091 3888 1237 3964 ioetidus
1254 3889 1347 3963 sicut
1363 3888 1457 3982 adu-

284 4007 396 4104 lator3
428 4010 527 4083 unde
560 4010 627 4083 ista
653 4009 755 4083 vallis
781 4016 836 4083 est
866 4009 1027 4084 maxime
1060 4011 1167 4105 plena
1203 4009 1458 4085 meretricibus

284 4134 321 4203 et
340 4129 619 4224 joculatoribus
642 4130 703 4224 qui
729 4130 891 4205 maxime
916 4131 1063 4206 student
1087 4130 1286 4206 adulationi
1312 4129 1358 4204 de
1384 4151 1458 4222 qua

284 4250 422 4324 vivunt.
460 4250 530 4325 Sed
559 4258 667 4325 autor
698 4251 877 4346 condigne
909 4251 1015 4327 solvit
1049 4251 1112 4344 cis,
1147 4250 1289 4323 dicens:
1324 4252 1459 4347 pondi,

285 4369 375 4445 iden
395 4371 442 4445 de
472 4371 622 4446 introitu
647 4371 723 4446 sive
748 4371 923 4466 principio
948 4370 1098 4445 secundi
1123 4369 1252 4464 pontis,
1278 4374 1459 4445 sendmmo

347 4634 375 4697 (¹)
391 4635 422 4685 ll.
438 4641 465 4687 et
480 4636 513 4686 de
529 4638 611 4700 poenis
626 4638 689 4689 eius.
959 4635 986 4702 (¹)
1001 4636 1026 4688 S.
1043 4603 1069 4689 in
1085 4652 1138 4690 uno
1155 4607 1277 4703 capitulo.
