3720 5566
402 458 446 522 1o
799 461 1003 518 comsnruu
1028 464 1181 517 rursum

397 613 451 684 old
482 612 573 700 mci,
600 606 734 682 scilicet
764 605 1036 698 intellectuales,
1059 609 1193 699 [coron
1222 606 1391 676 scontros·
1421 605 1460 675 lo
1488 622 1571 695 orco,

398 731 486 826 quia
502 725 540 822 (¹)
570 749 669 802 unus
701 727 864 801 lamosus
895 724 1058 799 occurrit
1087 722 1324 819 speculationi
1354 744 1443 818 suae,
1474 744 1570 797 nun-

399 855 442 925 tr’
455 855 491 924 io
517 852 675 939 aradum,
700 846 792 920 idest
816 845 964 919 interim
988 845 1078 919 dum
1097 844 1148 919 sic
1165 844 1257 918 irem
1275 865 1342 939 per
1360 845 1477 939 ripam
1496 863 1574 919 me-

397 968 546 1044 ditando
572 972 654 1063 post
678 964 881 1060 Virgilium.
899 963 1020 1039 Echio
1041 970 1126 1038 nota
1144 964 1255 1058 quod,
1273 964 1368 1038 sicut
1379 966 1460 1059 jam
1481 982 1578 1059 saepe

399 1087 547 1184 potuisti
560 1084 798 1181 perpendere,
812 1083 959 1177 quando
974 1089 1084 1158 autor
1096 1085 1175 1157 vult
1192 1083 1401 1158 describere
1414 1084 1577 1178 aliquam

400 1228 480 1283 rem
516 1209 638 1282 levem
667 1204 770 1301 fingit
802 1224 843 1278 se
867 1202 993 1279 videre
1027 1223 1110 1279 eam
1144 1204 1390 1298 ambulando,
1430 1204 1577 1298 quando

399 1350 489 1406 vero
516 1348 596 1403 rem
622 1326 806 1400 difficilem
826 1326 884 1398 vel
902 1324 1136 1420 incognitam,
1157 1324 1261 1421 fingit
1285 1345 1326 1399 se
1350 1324 1517 1418 firmare,
1539 1331 1576 1399 et

401 1457 488 1524 tunc
514 1448 598 1523 lacit
623 1448 781 1544 signum,
808 1444 981 1540 quodibi
1007 1451 1062 1519 est
1086 1466 1179 1541 opus
1205 1445 1335 1519 maiori
1368 1446 1577 1521 considera·

399 1570 508 1644 tione.
536 1569 579 1641 Et
603 1566 760 1642 ostendit
784 1564 883 1660 quod
909 1565 1033 1638 statim
1062 1564 1319 1661 recognoverit
1348 1565 1464 1659 illum,
1491 1565 1577 1659 quia

398 1689 539 1764 viderat
564 1709 653 1763 eum
677 1687 716 1760 in
741 1686 831 1779 vila3
859 1685 957 1760 unde
973 1684 1078 1758 dicit:
1096 1692 1130 1758 ct
1143 1688 1179 1757 io
1195 1678 1226 1758 st
1247 1691 1334 1759 tosto
1355 1688 1453 1778 dcci,
1471 1685 1576 1781 quasi

276 1805 285 1820 ’
399 1808 516 1884 dicat:
543 1815 620 1882 tam
652 1806 723 1881 cito
750 1825 861 1899 quam
898 1804 969 1879 cito
995 1803 1069 1879 vidi
1095 1825 1194 1899 euru,
1228 1805 1306 1879 sine
1340 1826 1445 1880 mora
1477 1805 1574 1878 dixi:

398 1950 470 2002 non
495 1950 559 2001 son
583 1918 646 2020 pcc
671 1929 815 2017 dipiuno
839 1928 877 1998 di
902 1928 1006 1998 ceder
1029 1928 1152 2017 coetui,
1176 1925 1281 2019 quasi
1306 1925 1403 1999 dicat
1417 1917 1473 2018 (ἧς
1502 1926 1577 2000 imo

401 2055 515 2142 satur,
543 2047 629 2141 quia
654 2045 791 2141 pluries
816 2044 958 2119 viderat
983 2065 1072 2119 eum
1098 2045 1237 2138 vivum,
1264 2044 1368 2137 quasi
1398 2044 1494 2119 dicat
1521 2051 1576 2118 ta·

401 2169 483 2261 cite,
510 2167 609 2262 quod
634 2166 764 2240 oculus
789 2164 868 2238 eius
893 2164 1098 2241 fastidiebat
1113 2171 1150 2239 et
1166 2164 1425 2261 indignabatur
1450 2164 1576 2240 videre

402 2288 527 2363 virum
545 2287 702 2361 nobilem
723 2285 785 2379 qui
802 2291 879 2358 tam
900 2285 1019 2361 viliter
1035 2287 1272 2382 prostituerat
1289 2306 1440 2360 carnem
1458 2305 1575 2360 suam.

402 2408 447 2480 Et
471 2407 627 2481 ostendit
643 2405 830 2500 quomodo
847 2406 1104 2503 recognoverit
1121 2427 1221 2501 eum,
1239 2407 1382 2481 dicens:
1396 2400 1487 2501 perd
1501 2411 1577 2500 fissi

400 2531 542 2621 cpiam,
568 2526 659 2601 idest
683 2526 828 2601 firmavi
854 2547 926 2619 rue,
953 2526 1057 2620 quasi
1087 2526 1205 2601 dicat:
1233 2529 1384 2623 apposui
1414 2528 1578 2605 affectio·

402 2668 489 2722 nem
514 2645 627 2722 animi
647 2645 695 2720 ad
711 2646 806 2720 bene
830 2646 1127 2742 cognoscendum
1147 2667 1248 2741 eum,
1261 2668 1330 2739 per
1354 2653 1577 2740 offlpurorlo:

402 2770 435 2840 el
457 2773 572 2857 Duco,
597 2766 732 2840 scilicet
765 2765 937 2862 Virgilius
965 2766 1141 2860 similiter,
1175 2769 1208 2839 si
1235 2771 1363 2841 ristcttc
1391 2777 1425 2843 ct
1451 2762 1578 2844 asserui

402 2887 453 2959 cd'
467 2889 634 2978 mouendo
658 2888 746 2976 pisci
768 2888 939 2979 induam·
956 2886 1026 2961 hoc
1051 2886 1137 2960 dicit
1153 2893 1273 2982 autor,
1295 2888 1381 2981 quia
1398 2890 1450 2964 sic
1466 2910 1578 2986 expe-

405 3006 543 3100 diebat3
570 3026 655 3079 nam
682 3005 816 3079 umbra
841 3006 1002 3080 Venetici
1028 3008 1203 3081 currebat
1220 3009 1394 3084 velociter
1413 3021 1498 3086 ante
1523 3010 1578 3083 la-

403 3125 499 3199 ciem
524 3123 699 3198 demonis
725 3126 977 3219 persequentis
994 3116 1030 3219 (³)
1058 3147 1145 3200 euru
1173 3129 1320 3202 scutica.
1344 3129 1461 3204 ducor
1486 3150 1576 3204 vero

401 3246 477 3321 ibat
502 3265 659 3340 morose,
686 3244 768 3319 ideo
798 3246 1004 3319 necessario
1038 3247 1197 3322 babebat
1227 3248 1471 3343 retrocedere,
1504 3249 1578 3324 imo

403 3366 541 3439 mirum
572 3370 629 3439 est
662 3365 849 3457 quomodo
880 3386 1046 3459 uuquam
1082 3367 1243 3462 potuerit
1276 3367 1459 3464 attingere
1489 3389 1577 3444 eum

402 3485 470 3559 nisi
496 3505 583 3559 cum
601 3483 693 3579 pede
714 3483 872 3558 mentali.
887 3524 936 3537 —
949 3490 982 3557 E
996 3490 1083 3577 quel.
1102 3486 1168 3561 llic
1185 3496 1295 3563 autor
1312 3488 1468 3563 ostendit
1486 3511 1579 3584 qua·

402 3605 485 3679 liter
510 3603 704 3699 praedictus
729 3603 876 3698 spiritus
900 3612 1100 3700 perventus
1125 3607 1172 3680 ab
1197 3615 1330 3682 autore
1353 3609 1512 3683 voluerit
1538 3629 1578 3684 se

402 3723 638 3816 abscondere,
664 3723 728 3797 sed
754 3744 827 3797 uon
852 3725 986 3820 potuit;
1015 3725 1112 3800 uude
1136 3725 1243 3800 dicit:
1270 3749 1289 3800 c
1313 3731 1392 3819 quel
1412 3731 1578 3821 frascato,

402 3844 494 3919 idest
519 3842 723 3939 fustigatus,
739 3847 772 3917 si
795 3849 941 3919 medalu
965 3848 1061 3918 color
1086 3847 1260 3921 elinando
1284 3851 1313 3920 tl
1336 3850 1432 3940 oiso;
1449 3857 1486 3923 et
1508 3851 1578 3922 boc

402 3963 497 4038 bene
523 3962 637 4059 fingit,
662 3963 749 4058 quia
774 3964 871 4038 istud
896 3964 1027 4039 vitium
1043 3975 1107 4066 ,est
1133 3988 1279 4063 magnae
1301 3968 1470 4063 inlamiae,
1495 3969 1579 4044 licet

403 4103 528 4178 parvae
553 4084 686 4177 culpae3
712 4083 794 4158 ideo
820 4105 967 4158 summe
996 4087 1317 4162 verecundabatur
1346 4089 1517 4186 cognosci
1543 4090 1580 4162 in

404 4203 465 4278 tali
490 4209 577 4278 actu
603 4224 688 4278 cum
719 4204 846 4278 luisset
881 4204 985 4279 miles
1015 4206 1142 4280 nobilis
1168 4214 1205 4282 et
1235 4209 1471 4306 magnificus,
1499 4208 1580 4284 ideo

402 4323 543 4418 pondus
580 4323 729 4419 pudoris
768 4323 898 4399 deiecit
935 4323 1066 4399 faciem
1100 4347 1208 4401 suam
1243 4328 1290 4402 ad
1327 4335 1478 4422 terram,
1516 4328 1579 4403 sed

466 4507 495 4571 (¹)
510 4508 542 4558 E·
558 4508 619 4571 quia
634 4508 734 4560 scilieet
750 4524 826 4560 unus.
1006 4508 1034 4573 (¹)
1049 4510 1080 4560 Ε.
1096 4513 1169 4575 quasi
1185 4512 1267 4564 dicat:
1285 4521 1358 4565 satur
1373 4528 1432 4564 rum
1448 4514 1516 4577 quia.

465 4584 492 4646 (⁸)
507 4585 533 4636 S.
549 4587 726 4651 persequentis
741 4601 811 4639 eum.
828 4587 916 4639 butor
932 4600 1045 4638 vero·
1055 4587 1085 4638 E.
1103 4590 1280 4655 persequenda
1296 4603 1357 4641 curn
1374 4590 1479 4641 scutica
