3720 5566
628 496 766 553 caurus
792 498 950 553 3333335
974 498 1143 553 ournvus.
1431 488 1472 553 11

300 647 449 740 frustra,
475 644 574 718 unde
605 643 712 718 dicit:
746 666 807 717 ma
829 665 922 736 poco
952 647 977 717 u·
1007 648 1127 718 nuuc:
1159 646 1245 739 quia
1261 639 1298 739 (¹)
1331 653 1476 723 tantum

300 765 497 863 recognovi
519 785 626 859 eum,
645 784 711 860 per
728 764 826 858 quod
844 771 946 839 notat
966 765 1065 859 quod
1090 765 1171 859 quis
1197 787 1271 840 non
1287 774 1404 861 potest
1423 768 1477 841 uti

300 892 399 960 tanta
424 892 518 980 arte,
545 885 644 978 quod
670 907 744 959 non
769 892 1011 982 cognoscatur
1037 885 1109 959 tale
1130 885 1274 981 vitium,
1293 888 1379 981 quia
1404 889 1477 962 cito

300 1005 448 1080 infamia
473 1005 618 1079 laborat
642 1011 770 1079 contra
794 1012 965 1080 autorem
992 1005 1073 1079 tatis
1098 1005 1246 1102 fraudis,
1265 1013 1302 1081 et
1324 1015 1378 1083 est
1396 1030 1477 1083 ma-

301 1126 401 1200 xima
425 1147 510 1221 pars
535 1144 613 1198 suae
638 1145 770 1220 poenae,
791 1125 889 1198 ct'io
915 1128 1060 1199 desito
1085 1129 1299 1218 1331393113
1323 1130 1477 1201 iunctio

301 1267 326 1319 u
351 1254 461 1338 terro,
486 1266 563 1342 prae
579 1237 616 1338 (²)
643 1246 877 1340 verecundia,
897 1252 933 1319 tu
952 1247 1001 1318 sic
1025 1249 1178 1320 chett'co
1198 1250 1478 1343 Cucciuncmic05

300 1365 363 1440 sed
400 1386 473 1440 non
506 1371 611 1460 potes
648 1365 833 1459 expellere
867 1365 1055 1439 infamiam
1088 1366 1251 1440 maxime
1289 1367 1476 1442 inimicam

300 1484 384 1579 tihi,
411 1490 449 1559 et
473 1485 543 1558 hoc
568 1483 671 1558 dico:
704 1488 798 1558 5313
823 1486 961 1579 sarion,
988 1483 1080 1559 idest
1109 1485 1330 1561 lineamenta
1359 1487 1475 1582 faciei,

301 1623 385 1698 quae
414 1602 521 1678 aliter
545 1603 719 1677 dicuntur
741 1608 905 1698 futtczze,
922 1606 1048 1676 -3133
1068 1609 1165 1696 porti
1189 1626 1261 1679 nou
1285 1628 1351 1679 sou
1372 1611 1474 1701 sulse.

300 1724 377 1799 Hoc
401 1743 470 1820 pro
495 1731 594 1798 tanto
619 1713 769 1818 31131113),
789 1723 875 1819 quia
896 1743 994 1818 saepe
1019 1723 1215 1799 similitudo
1233 1725 1362 1799 iormae
1386 1727 1476 1801 faiiit

298 1844 498 1938 hominem,
516 1851 557 1916 ut
573 1844 740 1919 Valerius
760 1844 917 1919 ostendit
941 1845 979 1917 in
996 1843 1069 1918 fine
1087 1845 1143 1917 sui
1161 1844 1243 1918 libri
1260 1866 1327 1939 per
1345 1867 1474 1927 exem·

299 1967 358 2060 pla
382 1966 608 2058 multorum3
634 1964 740 2059 quasi
765 1964 880 2039 dicat:
906 1985 980 2039 non
1006 1963 1130 2059 accepi
1151 1970 1189 2040 te
1206 1966 1242 2039 in
1270 1967 1473 2041 scambium

300 2106 366 2179 pro
391 2086 475 2179 alio,
507 2085 594 2180 quia
625 2084 828 2160 certissime
856 2090 894 2160 te
929 2105 1151 2181 recognosco
1168 2073 1203 2177 (⁴)
1235 2085 1314 2162 siue
1346 2107 1475 2162 errore

298 2206 431 2301 aliquo.
458 2206 561 2280 Unde
586 2205 710 2280 audivi
735 2205 834 2299 quod
866 2205 934 2279 iste
964 2204 1134 2279 dominus
1164 2204 1362 2280 Veneticus
1387 2227 1475 2282 cou-

299 2326 392 2421 cepit
422 2346 538 2422 grave
566 2324 692 2399 odium
725 2331 853 2398 contra
888 2324 1057 2417 Dantem,
1092 2329 1129 2398 et
1162 2326 1374 2421 procuravit
1407 2327 1474 2401 311-

300 2446 447 2541 quando
473 2445 607 2520 laedere
631 2466 737 2538 eum,
764 2444 863 2538 quod
888 2444 919 2518 si
943 2444 995 2518 sic
1019 2445 1087 2519 suit
1111 2446 1238 2520 habuit
1269 2448 1473 2540 obliquum,

299 2572 379 2640 tum
406 2567 494 2659 quia
518 2571 628 2640 autor
653 2585 786 2639 verum
806 2564 902 2659 dicit,
920 2573 1001 2638 tum
1023 2565 1109 2658 quia
1129 2586 1334 2660 numquam
1356 2567 1472 2661 parcit

298 2687 407 2762 alicui
433 2708 506 2760 non
532 2685 694 2782 principi,
721 2706 794 2759 non
820 2705 933 2781 papae,
959 2705 1034 2759 non
1064 2685 1202 2780 patriae,
1233 2706 1306 2760 non
1338 2706 1472 2781 paren-

300 2807 408 2881 tibus.
434 2808 479 2880 nt
503 2807 592 2902 petit
614 2813 724 2895 autor
749 2805 795 2880 de
820 2826 931 2880 causa
958 2811 1033 2878 tam
1061 2805 1176 2899 turpis
1193 2826 1312 2900 poenae
1329 2806 1470 2881 diceus:

301 2929 624 3007 1133131113333
656 2947 681 2997 3
708 2918 739 2999 ri
765 2928 935 3018 puupcnti
963 2928 1084 2998 sulse?
1113 2925 1166 2998 Ad
1196 2925 1471 3023 intelligentiam

299 3046 408 3120 huius
433 3047 560 3141 literae,
587 3051 628 3119 ut
653 3045 778 3121 uideas
803 3051 895 3139 quot
912 3051 997 3119 sunt
1020 3045 1164 3119 occulta
1190 3051 1227 3119 et
1252 3045 1418 3142 ignorata
1434 3040 1470 3140 (⁵)

298 3165 336 3240 iu
360 3166 429 3241 isto
455 3166 559 3261 libro,
585 3167 669 3241 volo
695 3172 732 3240 te
756 3165 863 3259 scire,
884 3164 982 3258 quod
999 3167 1098 3238 Salso
1122 3171 1178 3239 est
1203 3165 1350 3258 quidam
1370 3168 1472 3242 locus

299 3285 470 3361 Bononiae
496 3307 680 3361 concavus
710 3292 748 3360 et
778 3284 940 3360 declivus
970 3290 1077 3360 entra
1108 3285 1292 3361 civitatem
1324 3296 1404 3383 post
1435 3295 1473 3363 et

298 3426 412 3503 prope
430 3412 593 3480 sanctam
611 3406 763 3479 Mariam
782 3404 819 3478 in
839 3405 970 3498 Monte,
993 3404 1029 3476 in
1046 3425 1157 3498 quem
1176 3407 1341 3481 solebant
1366 3408 1471 3481 abiici

298 3546 453 3621 corpora
478 3523 1069 3620 desperatorum-imneratorum,
1086 3531 1123 3599 et
1140 3525 1297 3600 aliorum
1316 3526 1471 3601 insama·

299 3655 434 3723 torum.
461 3647 563 3721 Unde
589 3645 784 3739 aliquando
804 3643 927 3719 audivi
952 3664 1088 3740 pueros
1113 3645 1286 3720 Bononiae
1310 3646 1472 3722 diceutes

298 3788 416 3842 unum
441 3766 547 3841 alteri
571 3765 617 3839 ad
643 3764 931 3861 improperium:
959 3765 1060 3838 Tuus
1076 3771 1181 3859 pater
1199 3765 1267 3839 init
1286 3768 1471 3862 proiectus

297 3888 346 3963 ad
364 3887 493 3962 Saisas.
512 3886 566 3959 Ad
583 3884 810 3981 propositum
837 3905 927 3981 ergo
945 3891 1053 3959 autor
1071 3887 1150 3959 vult
1167 3886 1307 3962 dicere:
1324 3888 1417 3975 Quid
1432 3879 1470 3979 (⁶)

298 4007 396 4082 ducit
422 4015 458 4082 te
483 4006 531 4081 ad
555 4006 688 4080 vallem
714 4010 791 4080 tam
816 4004 1003 4099 infamem,
1025 4006 1119 4080 sicut
1143 4012 1198 4081 est
1224 4008 1325 4081 vallis
1351 4008 1471 4081 Salsa-

299 4149 384 4202 rum
409 4127 507 4223 apud
532 4126 688 4222 patriam
720 4130 853 4200 tuam?
877 4126 958 4199 Non
988 4146 1078 4222 ergo
1109 4126 1230 4221 capias
1260 4127 1319 4200 hic
1351 4127 1470 4199 Salsas

297 4269 364 4345 pro
387 4269 530 4345 sapore,
546 4247 641 4321 sicut
657 4245 904 4320 communiter
921 4265 1051 4320 omnes
1069 4251 1268 4339 exponunt,
1286 4243 1372 4337 quia
1390 4262 1471 4317 me·

357 4478 385 4541 11)
403 4482 457 4540 113,
474 4480 534 4542 quia
550 4484 637 4530 tamen
652 4477 801 4543 recognovi.
935 4474 963 4537 (¹)
981 4479 1034 4537 tto,
1052 4489 1099 4539 pro
1116 4473 1281 4527 verecundia.

357 4554 385 4616 (⁸)
402 4555 433 4605 E.
449 4554 517 4605 dicu.
937 4550 1005 4611 1118.
1023 4565 1038 4602 e
1056 4556 1110 4613 113,
1128 4563 1264 4616 cognosco.

359 4630 387 4694 (⁸)
403 4635 449 4682 113
465 4643 481 4681 3
497 4631 528 4682 E.
544 4631 682 4697 incognita.
937 4627 964 4691 (⁸)
980 4628 1011 4679 E.
1028 4630 1073 4694 qui
1090 4629 1170 4683 (13311.
