3720 5566
603 451 740 507 caurus
766 451 921 507 nnuuus
946 452 1074 506 nouus.
1374 441 1418 507 41

251 594 380 691 ginari,
407 594 507 688 quod
532 594 601 669 iste
627 595 817 689 requirens
835 615 934 689 eum,
953 602 1047 671 esset
1067 596 1161 669 alius
1187 596 1254 670 nisi
1278 596 1422 671 Bonifa-

252 716 340 788 cius.
367 715 412 788 Et
437 721 560 789 tamen
586 735 733 789 summe
763 715 967 790 mirabatur
998 716 1149 790 deeius
1177 716 1338 792 adventu
1364 716 1421 789 in·

253 835 480 929 tempestivo,
515 834 603 927 quia
636 835 851 928 expectabat
882 856 970 910 eum
1007 842 1087 931 post
1122 836 1261 930 aliquot
1293 856 1418 911 annos.

254 954 356 1027 Nunc
380 953 429 1027 ad
454 953 610 1045 literam,
636 953 720 1027 dicit
744 960 871 1028 autor:
898 959 943 1027 Et
966 958 1010 1046 ct,
1036 955 1171 1029 scilicet
1195 975 1288 1050 papa
1313 955 1422 1029 Nico-

254 1074 343 1167 lauS,
368 1063 489 1164 nrtdd,
515 1078 613 1146 totus
638 1074 872 1168 stupetactus,
895 1084 1022 1170 petens
1047 1095 1133 1149 cum
1160 1075 1420 1148 admiratione:

253 1195 299 1264 sd
313 1200 347 1265 tu
370 1182 432 1283 yid
456 1184 541 1265 costi
564 1194 659 1282 ritto,
684 1195 894 1286 Bonifatio?
910 1194 1015 1286 quasi
1035 1194 1148 1268 dicat:
1167 1213 1206 1267 es
1233 1200 1274 1267 tu
1288 1186 1325 1284 (¹)
1344 1198 1420 1265 tam

255 1311 325 1386 cito
349 1314 406 1386 hic
431 1317 621 1407 praesens?
646 1312 689 1384 Et
715 1313 844 1406 repetit
869 1313 935 1406 bie,
955 1314 1049 1389 sicut
1073 1314 1211 1387 iaciunt
1235 1313 1422 1388 admiran-

255 1439 317 1506 tes.
336 1432 380 1505 Et
396 1432 511 1527 tangit
531 1451 682 1505 causam
695 1431 806 1526 justae
821 1431 1080 1526 admirationis,
1102 1433 1247 1508 dicens:
1269 1436 1303 1506 lo
1319 1436 1422 1506 ouat-

253 1559 301 1642 to,
327 1550 419 1625 idest
438 1551 617 1646 scriptura
642 1551 852 1646 prophetice,
871 1573 983 1645 quam
1010 1552 1094 1647 vidi,
1116 1556 1165 1625 mi
1188 1547 1303 1646 ment,
1330 1553 1447 1627 idest·

255 1671 408 1745 mentita
437 1671 513 1764 fuit,
543 1678 578 1746 et
607 1670 696 1745 dixit
729 1672 819 1745 mihi
845 1672 988 1766 salsum,
1015 1671 1044 1745 si
1070 1692 1201 1746 verum
1228 1680 1294 1767 est,
1321 1673 1421 1768 quod

254 1798 296 1865 tu
321 1792 369 1865 sis
398 1791 612 1886 Boniiacius,
638 1794 676 1866 di
694 1794 860 1883 percocti
884 1796 978 1864 card.
1012 1792 1054 1865 Et
1084 1793 1179 1867 bene
1208 1793 1303 1887 dicit,
1334 1793 1421 1887 quia

252 1912 458 1986 Boniiacius
494 1918 664 1986 mortuus
702 1918 757 1987 est
790 1913 826 1985 in
860 1912 1040 2005 MCCClll,
1076 1919 1113 1987 et
1151 1920 1260 1988 autor
1293 1913 1421 1989 habuit

255 2032 348 2105 hanc
372 2030 547 2105 visionem
574 2030 612 2104 in
636 2029 776 2124 nuum
803 2052 891 2126 ergo
918 2031 1122 2106 Bonisacius
1147 2038 1227 2106 erat
1253 2032 1419 2106 victurus

253 2151 371 2225 adhuc
395 2150 541 2224 duobus
565 2151 669 2225 annis
694 2157 731 2225 et
755 2151 943 2226 mensibus
967 2172 1111 2226 novem.
1138 2152 1223 2227 Ideo
1247 2153 1342 2228 hene
1367 2153 1421 2227 di-

254 2270 313 2363 cit,
337 2273 375 2345 di
394 2272 559 2363 parccclo'
583 2273 686 2343 anai:
712 2277 749 2345 et
773 2272 824 2345 sic
849 2281 946 2364 nota,
965 2272 1063 2365 quod
1090 2273 1293 2347 Bonifacius
1320 2272 1422 2347 vive-

180 2412 188 2425 ·
255 2388 317 2462 bat
354 2389 497 2484 adhuc;
531 2395 567 2465 et
604 2395 713 2464 autor
750 2410 972 2485 cognoscens
1007 2391 1124 2485 ipsum
1165 2391 1419 2485 simoniacum,

254 2509 331 2581 vult
355 2509 549 2583 ostendere
574 2509 675 2582 illum
703 2509 842 2582 iturum
858 2502 896 2601 (²)
922 2510 969 2584 ad
996 2510 1189 2584 infernum.
1216 2510 1300 2584 ideo
1324 2510 1421 2586 hene

254 2629 355 2725 fingit
371 2629 484 2703 alium
503 2628 744 2703 simoniacum
761 2630 989 2723 damnatum,
1003 2630 1065 2724 qui
1087 2630 1302 2723 expectabat
1319 2649 1419 2721 eum,

252 2750 451 2847 predicere
475 2748 542 2822 sibi
564 2750 644 2822 hoc.
666 2750 744 2823 lmo
760 2756 880 2844 autor,
899 2750 1046 2844 quando
1067 2750 1133 2824 ista
1151 2749 1302 2844 scripsit,
1321 2749 1422 2823 vide·

254 2878 312 2944 rat
336 2890 486 2966 pravam
519 2868 632 2943 vitam
664 2869 848 2964 Bonisacii,
878 2872 1019 2945 eteius
1049 2880 1209 2946 mortem
1243 2870 1419 2963 rabidam,

255 2990 335 3065 ideo
352 2989 446 3063 bene
458 2987 646 3082 jndicabat
662 3009 749 3063 eum
769 2989 995 3062 damnatum.
1014 2991 1085 3064 Sed
1103 2990 1248 3065 videtur
1264 2992 1422 3086 prophe-

254 3117 333 3184 tare
358 3109 405 3183 de
430 3127 488 3200 eo,
513 3107 600 3201 quia
625 3108 734 3183 habet
751 3114 958 3201 respectum
984 3108 1030 3182 ad
1057 3116 1201 3204 tempus
1218 3129 1295 3182 suae
1314 3108 1423 3183 visio·

254 3229 319 3324 nis,
346 3249 420 3302 non
445 3226 491 3300 ad
523 3208 667 3322 tempus
698 3227 792 3302 sacti.
818 3228 910 3301 Nota
945 3227 1055 3301 etiam
1086 3228 1185 3322 quod
1219 3228 1423 3302 Bonifatius

255 3369 330 3422 non
354 3348 422 3421 fuit
446 3347 585 3442 primus
609 3369 702 3443 papa
726 3347 937 3422 immediate
953 3354 1033 3441 post
1051 3349 1252 3444 Nicolaum,
1269 3349 1331 3425 sed
1356 3350 1448 3454 fuit·

256 3467 398 3562 primus
432 3466 661 3541 simoniacus.
692 3468 783 3540 Nam
812 3466 888 3540 duo
916 3466 1067 3540 fuerunt
1098 3468 1302 3542 intermedii
1337 3468 1423 3542 boni

255 3587 451 3684 pontifices,
481 3587 614 3661 scilicet
646 3607 738 3681 papa
768 3585 944 3660 Martinus
972 3586 1018 3660 de
1050 3588 1166 3661 Turso
1196 3588 1302 3662 bonae
1334 3609 1423 3662 con-

256 3708 426 3802 scientia,
443 3708 525 3782 licet
542 3708 647 3782 malae
664 3708 780 3803 gulae,
800 3714 836 3781 et
853 3706 1080 3799 Goeiestinus,
1099 3707 1154 3782 vir
1172 3715 1306 3782 sanctae
1324 3708 1419 3803 vitae,

256 3828 301 3902 de
327 3849 401 3922 quo
425 3827 563 3902 dictum
589 3834 644 3902 est
668 3828 712 3901 lll
737 3827 896 3922 capitulo
921 3827 1030 3900 huius
1056 3826 1188 3901 lnserni
1217 3835 1253 3902 et
1281 3827 1436 3903 dicetur.

256 3948 376 4022 statim
402 3949 469 4023 hic.
484 3951 646 4021 —Se’tn
670 3939 700 4020 εὶ
724 3955 821 4020 aso.
850 3948 914 4020 Hic
943 3947 1060 4021 dictus
1093 3947 1262 4021 Nicolaus
1287 3948 1424 4042 impro

255 4074 358 4162 perat
384 4067 565 4141 Boniiacio
590 4068 664 4141 duo
691 4068 805 4142 mata:
832 4066 952 4160 primo
977 4068 1064 4161 quia
1090 4087 1260 4171 sponsam
1293 4068 1423 4141 Christi

255 4186 506 4264 fraudulenter
526 4188 721 4282 assumpsit
737 4189 783 4262 de
798 4179 834 4279 (³)
855 4209 966 4262 manu
985 4188 1143 4264 Pastoris
1160 4187 1348 4282 simplicis:
1367 4208 1424 4261 se-

255 4308 375 4382 cundo
400 4307 487 4400 quia
502 4295 538 4399 (⁴)
564 4328 647 4382 eam
673 4328 778 4382 more
800 4308 1007 4382 meretricio
1027 4307 1206 4400 tractavit,
1225 4300 1423 4382 simoniace

318 4494 344 4555 ι’)
360 4492 392 4541 Β.
410 4497 438 4542 tu
450 4493 505 4557 jam
522 4499 574 4544 tarn
591 4494 650 4545 cito.
871 4490 899 4555 (’)
914 4493 944 4542 n.
962 4491 1037 4541 illum
1054 4493 1140 4543 rivum
1156 4492 1196 4542 ad.

317 4568 344 4631 ι’)
362 4575 416 4632 ιιι,
432 4570 465 4619 de
482 4571 608 4622 manibus.
872 4570 899 4632 (⁸)
915 4570 946 4621 E.
963 4569 1024 4634 quia
1039 4571 1118 4620 ctiam
1133 4583 1203 4621 eam.
