3720 5566
346 444 350 449 ’
408 457 431 522 8
810 464 1012 519 nouandum
1037 465 1189 517 inunum

407 612 648 709 imperaturis.
679 612 772 685 Nam
799 610 848 684 iili
874 610 1053 707 principes
1084 610 1224 705 antiqui
1255 610 1451 706 aliquando
1475 631 1583 708 sepe·

408 734 591 808 iiehautur
616 731 653 804 iu
678 731 764 825 aito,
789 730 884 804 sieut
908 736 1009 826 patet
1032 730 1069 803 in
1099 722 1272 805 columna
1303 731 1428 826 lapidis
1453 731 1582 805 Numi-

407 853 489 947 diet,
515 852 553 925 in
582 872 656 945 qua
685 861 771 927 sunt
799 851 942 925 eineres
972 849 1056 923 Julii
1088 850 1259 944 Caesaris;
1293 850 1490 945 aliquando
1523 871 1582 926 se-

408 972 638 1069 peliebantur
668 971 705 1045 iu
734 971 853 1065 basso,
880 970 973 1044 sieut
1002 961 1200 1067 Augustum
1227 971 1291 1064 qui
1322 978 1378 1046 est
1409 972 1478 1046 sub
1507 974 1581 1047 alta

409 1092 514 1168 turri.
541 1094 593 1166 lta
624 1091 671 1166 ad
702 1091 949 1187 propositum:
976 1091 1043 1165 ista
1077 1092 1150 1165 alta
1184 1097 1221 1166 et
1251 1090 1427 1165 mirabilis
1458 1093 1582 1188 sepul-

408 1222 494 1289 tura
511 1213 605 1288 sacta
622 1212 689 1285 suit
710 1232 821 1307 super
847 1231 957 1284 muro
983 1210 1137 1285 civitatis
1154 1210 1313 1285 Adriano
1331 1211 1578 1287 valentissimo

410 1331 640 1430 imperaturi;
667 1337 704 1405 et
730 1330 825 1404 istud
851 1329 1019 1404 mirabile
1043 1351 1137 1424 opus
1169 1329 1232 1403 diu
1257 1337 1429 1405 vocatum
1448 1339 1504 1405 est
1520 1352 1581 1407 se·

408 1455 579 1550 pulcrum
604 1450 751 1525 Adriani
777 1451 978 1546 permulta
996 1451 1131 1524 secula.
1150 1451 1281 1525 Postea
1302 1459 1470 1546 tempure
1486 1451 1579 1526 Gre-

408 1573 501 1671 gorii
520 1574 534 1645 l
560 1572 692 1648 dieitur
718 1571 929 1666 apparuisse
954 1571 991 1645 in
1016 1569 1229 1644 summitate
1246 1569 1325 1645 eius
1346 1592 1444 1645 unus
1463 1592 1579 1668 ange·

408 1697 466 1769 lus
491 1714 576 1769 eum
603 1712 692 1767 ense
716 1692 754 1766 in
780 1712 914 1785 manu;
941 1690 1022 1765 ideo
1040 1690 1318 1765 denominatum
1345 1691 1414 1766 fuit
1439 1692 1486 1766 ab
1511 1692 1580 1767 isto

407 1821 544 1891 eventu
575 1812 766 1887 castellum
805 1812 920 1886 saneti
945 1811 1084 1908 Angeii.
1111 1811 1181 1886 Sed
1211 1812 1447 1907 prohdolor!
1481 1812 1579 1886 lstud

406 1941 665 2029 sumptuosum
692 1953 785 2027 opus
801 1931 1032 2006 destructum
1049 1937 1086 2006 et
1102 1938 1326 2025 prostratum
1347 1938 1403 2006 est
1420 1932 1467 2007 de
1481 1953 1579 2007 anno

407 2054 575 2151 praesenti
592 2046 629 2146 (¹)
658 2053 920 2128 MCCCLXXIX
949 2071 1015 2147 per
1044 2053 1221 2148 pupulum
1252 2073 1462 2146 romanum,
1493 2053 1579 2146 quia

409 2175 530 2249 iuerat
555 2171 766 2267 aliquandiu
783 2162 820 2264 (²)
846 2171 1035 2246 detentum
1052 2191 1119 2266 per
1136 2172 1298 2246 iautures
1322 2172 1471 2246 Roberti
1497 2193 1581 2246 ear-

408 2295 536 2370 dinalis
561 2292 825 2386 Gebennensis3
852 2292 916 2385 qui
941 2292 1036 2367 iactu
1062 2292 1256 2370 schismate
1281 2292 1438 2387 pessimo
1463 2294 1581 2367 iaetus
1676 2316 1678 2319 ¹

409 2421 464 2490 est
488 2413 656 2509 antipapa
681 2419 808 2487 eontra
835 2412 1023 2486 Urbanum
1057 2411 1112 2484 Vl.
1148 2412 1240 2485 Dicit
1265 2433 1375 2509 ergo:
1410 2435 1429 2486 e
1464 2432 1581 2485 uuum

410 2556 436 2607 a
457 2540 560 2608 sunt)
592 2537 711 2623 Petro,
737 2531 872 2605 scilieet
900 2552 968 2627 pru
993 2531 1228 2628 indulgentia,
1254 2555 1273 2605 e
1297 2553 1415 2607 vunnu
1444 2535 1584 2606 verso’i

408 2660 522 2727 utente
546 2656 595 2726 du
621 2655 643 2724 t’
655 2655 750 2725 altra
773 2653 924 2744 sponda,
950 2651 1085 2726 seilicet
1105 2672 1152 2726 ex
1176 2652 1248 2726 alia
1274 2653 1506 2729 extremitate
1522 2652 1580 2726 vel

410 2773 607 2847 medietate
628 2771 755 2867 pontis.
774 2770 880 2845 Hune
896 2776 1022 2845 aetum
1040 2776 1232 2845 nutaverat
1248 2778 1357 2846 autur
1374 2793 1471 2847 auno
1488 2793 1583 2868 prae-

407 2891 503 2965 dicto
527 2889 679 2985 jubilei,
711 2910 797 2963 eum
829 2890 952 2965 ivisset
982 2890 1029 2965 ad
1062 2890 1337 2987 indulgentiam.
1352 2932 1401 2945 —
1419 2896 1468 2965 Di
1498 2911 1578 2983 qua.

405 3011 470 3085 Hie
495 3020 604 3085 autor
628 3009 811 3105 specificat
836 3030 982 3105 poenam
1009 3010 1176 3085 istorum.
1203 3011 1256 3085 Ad
1281 3012 1387 3103 euius
1416 3012 1581 3087 deelara-

407 3130 542 3205 tiunem
570 3137 656 3204 nota
681 3131 781 3225 quud
805 3137 914 3205 autur
946 3131 1015 3224 hie,
1041 3131 1135 3205 sicut
1165 3137 1203 3206 et
1231 3132 1268 3205 in
1299 3133 1440 3207 caeteris
1464 3131 1581 3226 poenis

406 3250 543 3345 dandis,
569 3250 732 3345 loquitur
755 3250 803 3324 de
827 3250 970 3325 inferno
995 3252 1136 3325 murali.
1154 3253 1223 3325 Dat
1242 3251 1339 3326 enim
1362 3251 1415 3325 eis
1432 3236 1579 3347 pienum

406 3370 550 3444 solitam
577 3368 655 3443 dari
670 3360 707 3462 (³)
734 3369 866 3443 talibus
891 3371 928 3443 in
955 3371 1093 3445 mundo
1119 3372 1197 3446 illu:
1223 3372 1339 3446 solent
1360 3371 1458 3445 enim
1480 3372 1582 3445 lenu-

407 3510 472 3564 nes
497 3490 592 3564 bene
617 3489 806 3573 verberari
831 3497 870 3564 et
893 3491 1073 3586 baculari3
1095 3491 1177 3566 iden
1196 3491 1299 3588 fingit
1320 3491 1419 3585 qrrod
1443 3491 1582 3565 daemu-

406 3630 471 3686 ner
497 3609 642 3684 cornuti
667 3616 824 3684 currunt
848 3617 928 3706 pust
954 3631 1018 3685 ens
1037 3611 1172 3686 aeriter
1192 3612 1373 3687 cadentes
1394 3618 1431 3687 et
1454 3610 1579 3708 flagel-

407 3731 524 3804 lantes
562 3751 638 3824 eos,
676 3730 739 3804 ubi
761 3718 797 3822 (ἣ
832 3730 1026 3827 figurative
1060 3739 1146 3806 sunt
1180 3733 1229 3806 illi
1263 3734 1397 3828 quibus
1429 3734 1579 3808 lenones

407 3848 545 3923 iaciunt
558 3849 642 3944 puni
656 3870 807 3944 cornua,
821 3850 957 3925 seilicet
969 3851 1126 3948 uugueii.
1141 3852 1194 3926 Ad
1212 3853 1355 3927 literam
1369 3873 1476 3948 erg03
1494 3851 1581 3925 dieit

405 3978 531 4045 autor:
558 3971 630 4042 vidi
653 3973 773 4043 dimon
790 3973 850 4044 cire
875 3973 901 4043 li
924 3972 1063 4045 nauem
1088 3975 1316 4046 erudetmente
1341 3976 1378 4047 di
1400 3980 1512 4064 retra,
1530 3972 1578 4047 ita

406 4089 505 4183 prud
530 4097 674 4185 oportet
698 4111 761 4165 eus
778 4092 916 4166 habere
932 4092 1029 4167 buna
1048 4102 1163 4190 terga,
1182 4093 1278 4188 quia,
1298 4100 1339 4168 ut
1356 4093 1495 4167 dietum
1511 4100 1579 4187 est,

403 4216 489 4284 sunt
514 4209 562 4284 ibi
588 4211 687 4305 nudi,
714 4212 763 4286 ita
790 4211 887 4305 quod
913 4233 987 4286 non
1012 4214 1170 4310 gibunus
1190 4236 1342 4311 grossus
1359 4216 1513 4290 sustinet
1530 4215 1578 4290 ibi

403 4331 560 4405 verbera
576 4331 682 4426 dura,
707 4353 774 4405 cun
790 4353 886 4423 prun
900 4336 1008 4426 ferne,
1025 4333 1116 4408 idest
1133 4334 1256 4431 uirgis,
1274 4339 1579 4428 superiorum,

468 4513 498 4575 (¹)
514 4514 544 4563 E.
561 4519 681 4577 prasenti
698 4522 768 4569 13811.
785 4520 833 4581 (Fu
850 4518 893 4569 nei
912 4521 990 4578 1371).
1075 4521 1102 4581 (¹)
1120 4520 1150 4569 E.
1167 4521 1304 4584 aliqnando
1320 4521 1464 4572 detentum.

468 4587 494 4651 (Ἴ
512 4592 566 4649 116,
583 4590 644 4641 dare
660 4592 754 4644 talibus
769 4594 797 4644 in
812 4595 910 4646 mundo
924 4594 982 4644 isto.
1076 4594 1104 4658 (⁸)
1120 4595 1154 4656 8.,
1171 4596 1202 4646 Ε.
1219 4610 1235 4647 e
1252 4601 1306 4657 1111,
1323 4595 1365 4647 isti
1381 4596 1523 4661 figurative.
