3720 5566
590 509 726 567 caurus
752 510 908 565 necinus
932 510 1101 566 ecrnvus
1389 503 1433 571 19

258 664 320 730 tur
344 653 508 728 secundo
539 653 698 748 capitulo
723 655 902 751 Paradisi3
929 664 966 731 et
995 655 1104 732 dicit:
1127 679 1194 750 per
1218 680 1300 731 core
1324 681 1343 732 e
1363 682 1432 754 per

256 796 377 868 smne,
404 775 495 850 idest
522 775 823 872 magnanimitate
848 782 886 851 et
906 776 1099 873 prudentia
1117 799 1195 852 sua.
1210 820 1259 833 -
1272 783 1348 853 nui.
1368 780 1433 856 Hic

257 902 378 991 autur,
395 895 578 991 descripte
595 895 727 970 iasone
744 896 892 992 egregie
905 890 943 988 (¹)
961 918 983 970 a
1001 897 1227 992 virtuteque
1246 900 1328 974 iecit
1351 922 1431 976 ma-

258 1016 390 1112 gnatia,
404 1036 503 1089 nunc
520 1014 691 1090 describit
709 1015 827 1109 ipsum
845 1037 867 1089 a
886 1016 979 1091 vicio
997 1016 1166 1112 malignae
1183 1009 1219 1109 (²)
1238 1018 1431 1114 ingratitu-

259 1136 350 1211 dinis
375 1158 487 1230 quam
507 1136 593 1211 iecit
614 1145 742 1211 centra
767 1136 964 1231 lsipbilem;
984 1143 1021 1211 et
1045 1138 1223 1234 sagaciter
1251 1139 1432 1218 interserit

258 1256 430 1352 pietatem
456 1256 621 1331 mulieris
646 1277 736 1353 erga
770 1263 960 1350 parentem
988 1279 1110 1351 suum,
1141 1265 1177 1333 et
1207 1258 1432 1356 impietatem

259 1383 478 1451 caeterarum
504 1398 594 1473 erga
619 1397 716 1451 suos.
743 1377 796 1450 Ad
823 1377 928 1450 cuius
953 1377 1006 1451 rei
1032 1377 1207 1451 mirabilis
1228 1378 1432 1476 intelligen-

258 1495 347 1570 tiam
367 1504 424 1571 est
440 1496 602 1572 breviter
619 1495 820 1590 sciendum,
838 1496 937 1590 qued
955 1496 1048 1569 sicut
1061 1496 1182 1571 scribit
1199 1497 1334 1572 Statius
1351 1499 1431 1589 inll

259 1616 317 1688 sui
343 1617 503 1712 majoris,
519 1619 677 1691 Lemnos
702 1626 758 1691 est
783 1616 900 1690 insula
927 1616 964 1689 in
990 1617 1085 1691 mari
1110 1616 1259 1692 Graeciae
1285 1642 1359 1695 una
1385 1621 1432 1698 de
1501 1688 1504 1693 ,

259 1736 475 1830 cicladibus
489 1738 586 1832 qued
600 1757 705 1811 mare
723 1737 830 1811 bodie
846 1737 1050 1833 appellatur
1063 1737 1310 1835 Arcipelagus,
1324 1742 1430 1827 cuius

258 1856 357 1931 cives
374 1858 461 1930 olirn
481 1857 625 1931 iverunt
645 1862 774 1930 contra
791 1856 1015 1951 provinciam
1037 1857 1199 1931 Thracia
1224 1858 1289 1931 sibi
1315 1880 1429 1955 eppe

259 1975 364 2049 sitam
386 1997 471 2050 curn
491 1997 625 2072 magna
642 1976 768 2069 classe,
787 1980 928 2049 etcum
947 1976 1130 2051 stetissent
1148 1996 1214 2073 per
1231 1977 1428 2053 triennium

259 2096 490 2190 pertinaciter
515 2095 772 2191 impugnantes
797 2095 919 2169 hostes
936 2116 1034 2189 suos,
1052 2116 1189 2170 uxores
1206 2116 1338 2171 eorum
1356 2119 1430 2173 nen

258 2221 425 2309 poterant
440 2206 476 2307 (³)
495 2235 559 2289 eos
585 2233 762 2289 revocare
787 2212 940 2288 domum
966 2215 1148 2310 precibus,
1165 2216 1343 2291 blanditiis
1371 2222 1429 2294 vel

259 2337 365 2410 minis
380 2325 435 2430 (⁴),
462 2335 544 2409 ideo
571 2334 717 2409 tandem
744 2334 1040 2410 deliberaverunt
1070 2334 1276 2412 interlicere
1301 2360 1430 2416 omnes

259 2457 410 2532 maritus
427 2463 466 2531 et
483 2456 664 2530 masculus
682 2476 823 2529 earum.
839 2456 883 2528 Et
899 2455 1051 2530 adverte
1068 2456 1165 2550 quod
1183 2457 1277 2531 istud
1290 2459 1357 2532 luit
1374 2460 1431 2533 bi-

258 2577 453 2652 sturialiter
478 2596 622 2669 verum,
641 2574 734 2649 sicut
751 2575 836 2649 dicit
855 2576 1015 2670 Orosius
1038 2576 1120 2650 licet
1140 2583 1257 2671 poetae
1279 2577 1428 2674 tingant,

258 2697 355 2790 quod
380 2699 505 2771 Venus
531 2694 722 2768 immiserit
747 2695 856 2766 istum
879 2695 1043 2769 furorem
1062 2695 1099 2767 in
1115 2694 1257 2769 animes
1275 2696 1428 2770 istarum

258 2817 470 2909 mulierum,
485 2815 571 2908 quia
588 2814 656 2889 viri
674 2834 747 2888 non
764 2814 1018 2889 sacrificabant
1035 2814 1179 2909 Veneri,
1194 2815 1292 2909 qued
1312 2823 1429 2891 totum

258 2942 339 3012 erat
357 2955 500 3029 verum,
517 2934 603 3029 quia
619 2934 759 3009 Lemnii
777 2955 851 3008 non
868 2935 1036 3009 colebant
1053 2935 1234 3009 Venerem
1253 2935 1315 3009 sed
1333 2938 1429 3011 llar-

258 3064 345 3153 tem,
377 3058 464 3151 quia
498 3056 632 3131 scilicet
662 3076 734 3129 non
768 3054 902 3130 dabant
932 3076 1084 3150 operam
1115 3055 1226 3130 rebus
1250 3059 1429 3154 venereis,

256 3178 319 3252 sed
345 3178 456 3251 rebus
481 3174 634 3268 bellicis,
662 3174 743 3248 ideo
769 3174 846 3247 istae
872 3175 1073 3249 famulante
1088 3165 1124 3267 (⁶)
1158 3174 1312 3269 Venere,
1340 3176 1430 3251 idest

256 3297 391 3373 ardore
407 3298 471 3370 irae
488 3302 525 3371 et
542 3294 707 3388 libidinis,
726 3294 813 3388 quia
836 3294 903 3368 viri
924 3314 1055 3368 earum
1073 3315 1147 3368 nen
1168 3295 1347 3369 vacabant
1364 3298 1428 3392 eis,

256 3439 327 3493 nec
353 3417 620 3512 respondebant
633 3414 753 3489 amori
769 3414 1186 3509 debit0,c0nverterunt
1202 3436 1369 3490 amorem
1391 3418 1427 3491 in

256 3537 548 3638 crudelissimum
576 3534 713 3608 odium.
740 3534 832 3607 Nam
859 3533 1016 3608 finaliter
1035 3534 1225 3610 audientes
1243 3537 1342 3630 quod
1359 3537 1429 3621 viri

255 3658 313 3731 sui
340 3657 527 3733 rediebant
542 3644 578 3747 (⁰)
605 3673 690 3728 curn
713 3653 875 3749 victoria,
890 3654 953 3747 qui
971 3654 1065 3728 sorte
1082 3655 1275 3750 pertabant
1291 3657 1429 3733 alienas

257 3778 435 3871 loeminas,
462 3773 714 3870 conjuratione
739 3772 833 3846 iacta
859 3780 895 3847 et
929 3773 1057 3848 ordine
1086 3774 1182 3869 dato,
1210 3785 1430 3872 receperunt

256 3899 354 3973 vires
378 3896 548 3970 simulate
573 3914 660 3967 cum
687 3913 821 3988 magno
847 3891 993 3988 gaudio,
1008 3898 1045 3967 et
1069 3893 1285 3972 adveniente
1310 3904 1428 3993 necte,

256 4016 334 4091 illos
359 4016 471 4090 fessos
497 4022 534 4089 et
554 4013 714 4108 sepultos
740 4031 869 4086 somno
887 4017 924 4086 et
941 4013 1026 4088 vino
1052 4014 1324 4089 interfecerunt.
1343 4016 1427 4099 Sela

255 4142 379 4210 umen
403 4133 546 4228 lsipbile
571 4131 642 4206 lilia
669 4131 766 4227 regis
791 4131 936 4205 Teantis
968 4133 1101 4229 pietate
1133 4141 1233 4209 muta
1267 4135 1429 4228 pepercit

254 4256 350 4351 patri
375 4276 443 4329 sue
458 4242 509 4347 (⁷),
534 4251 598 4345 qui
623 4256 704 4326 erat
729 4270 795 4324 rex
822 4250 961 4345 insulae,
987 4273 1100 4327 senex
1125 4254 1298 4346 multum,
1317 4258 1354 4324 et
1385 4251 1429 4325 il-

319 4484 346 4545 (¹)
363 4484 393 4534 E.
410 4484 522 4547 egregio.
658 4481 685 4544 (¹)
702 4481 732 4530 E.
750 4480 873 4543 maligno.
996 4481 1037 4542 ,(”)
1054 4482 1084 4531 Ε.
1101 4494 1153 4532 nen
1169 4484 1318 4544 potuerunt.

317 4558 345 4623 (⁸)
361 4560 392 4611 ll.
409 4566 486 4624 atque
503 4560 591 4622 mlnis3
609 4560 713 4611 interim
731 4558 843 4609 tandem.
1011 4558 1039 4620 (“)
1056 4564 1102 4611 116
1118 4572 1133 4609 0
1150 4560 1182 4609 E.
1198 4558 1354 4612 stimulam,

318 4634 347 4697 t‘t
362 4634 388 4686 S·
405 4648 420 4685 ο
438 4636 469 4687 E·
486 4636 613 4687 redibant.
1012 4634 1039 4696 ρ)
1057 4640 1111 4695 nc,
1128 4649 1176 4691 nuo
1193 4635 1295 4698 noenu,
1312 4639 1364 4707 qul.
