3720 5566
600 507 740 561 caurus
764 508 922 562 bacmos
947 508 1117 563 ocrsvus.
1401 499 1446 565 23

272 651 447 750 generali,
466 657 503 726 et
527 651 574 724 de
587 643 623 742 (⁴)
650 650 786 745 punitis
811 651 890 725 eius
916 652 952 725 in
977 651 1133 747 speciali.
1156 653 1199 726 ut
1215 652 1335 747 primo
1360 674 1450 728 con.-

273 772 420 845 tinuans
445 770 541 844 dicta
565 768 736 863 dicendis,
761 769 865 844 dicit:
894 761 961 844 Gid
985 793 1132 844 monam
1150 762 1186 844 ld
1206 794 1270 845 ove
1288 776 1449 848 ilstretto

275 894 374 982 colle,
400 890 492 965 idest
515 909 607 984 pons
633 910 698 984 per
722 909 834 982 quem
855 890 966 984 ibant,
983 892 1011 962 s'
1024 892 1266 981 introductu,
1283 891 1376 966 idest
1392 893 1449 965 in·

273 1018 508 1108 corporatur,
539 1010 775 1105 incastratur,
808 1011 1066 1106 committitur,
1098 1012 1352 1107 conjungitur,
1384 1033 1451 1085 con

276 1136 430 1224 l'urgine
453 1133 618 1223 secondo,
645 1129 735 1204 idest
761 1150 847 1203 cum
874 1130 1034 1205 secunda
1060 1131 1138 1226 ripa
1164 1130 1345 1225 circulari,
1365 1151 1450 1224 quae

275 1251 397 1327 dividit
422 1252 582 1346 primam
608 1250 771 1346 bulgiam
798 1271 821 1324 a
846 1250 1018 1344 secunda,
1039 1255 1117 1345 esc
1143 1253 1181 1324 dt'
1204 1254 1293 1343 quel,
1313 1251 1449 1325 scilicet

275 1393 424 1470 aggere,
449 1375 561 1465 spolie
585 1374 636 1444 od
657 1392 706 1443 ort
730 1373 825 1443 altro
853 1391 954 1461 arce,
985 1371 1070 1465 quia
1100 1371 1236 1445 scilicet
1265 1373 1449 1447 secundus

274 1513 366 1588 pons
391 1492 565 1565 tundatur
590 1491 627 1563 in
653 1490 722 1564 ista
747 1490 825 1585 ripa
851 1491 1031 1584 secunda3
1058 1497 1095 1565 et
1120 1494 1199 1566 vult
1224 1491 1347 1567 dicere
1374 1513 1449 1567 uno

275 1612 403 1706 verbo,
422 1612 520 1705 quod
531 1612 609 1707 jam
636 1618 881 1705 pervenerant
898 1612 944 1686 ad
961 1609 1072 1686 finem
1093 1612 1201 1706 primi
1218 1614 1348 1707 pontis,
1371 1614 1449 1689 visa

274 1732 383 1827 plene
407 1731 525 1827 prima
549 1732 684 1828 bulgio,
703 1738 740 1806 et
765 1731 812 1804 ad
837 1732 1054 1827 principium
1080 1733 1230 1807 secundi
1255 1736 1385 1828 pontis.
1404 1737 1450 1808 ut

275 1853 333 1926 bic
358 1858 445 1926 nota
471 1852 569 1946 quod
599 1858 709 1926 autor
741 1852 800 1925 hic
831 1859 956 1925 servat
987 1873 1104 1925 unum
1138 1854 1304 1949 modum,
1336 1876 1448 1949 quem

275 1993 350 2045 non
373 1980 496 2046 servat
521 1971 557 2044 in
583 1977 658 2048 tota
691 1970 837 2045 civitate
870 1970 1048 2064 infernali,
1074 1970 1161 2065 quia
1192 1972 1278 2046 alibi
1303 1956 1468 2068 semper*

276 2090 361 2165 lacit
386 2112 504 2164 unum
529 2091 587 2166 vel
613 2091 719 2186 plura
744 2090 902 2183 capitula
931 2090 978 2163 de
1008 2111 1084 2164 uno
1109 2090 1233 2184 aliquo
1259 2091 1364 2187 vitio,
1392 2092 1449 2167 bic

276 2231 366 2285 vero
391 2216 591 2306 pertractat
608 2210 699 2284 duas
716 2210 854 2305 species
871 2208 1008 2282 fraudis
1024 2209 1062 2282 in
1079 2209 1208 2284 eodem
1221 2202 1258 2303 (²)
1277 2211 1447 2306 capitulo,

277 2332 363 2425 quia
388 2331 466 2404 istae
483 2330 567 2405 duae
584 2330 730 2404 traudes
749 2330 885 2404 habent
903 2329 1103 2403 maximam
1121 2331 1335 2405 affinitatem
1354 2332 1448 2406 inter
1465 2318 1474 2336 ’

276 2471 328 2546 se,
353 2450 488 2524 scilicet
513 2450 732 2524 lenocinium
766 2456 803 2524 et
834 2449 1006 2543 adulatio,
1033 2450 1108 2524 imo
1141 2451 1260 2525 omnis
1285 2451 1369 2525 leno
1395 2457 1451 2525 est

276 2572 458 2661 adulator,
485 2570 666 2646 licetnon
692 2590 927 2665 econverso,
954 2576 991 2644 et
1024 2577 1182 2664 uterque
1214 2590 1360 2666 semper
1391 2571 1449 2643 in-

277 2692 391 2766 tendit
423 2691 602 2785 decipere.
620 2730 670 2743 -
697 2693 833 2779 Ouiadt'.
864 2690 929 2764 llic
958 2697 1068 2764 autor
1099 2690 1268 2764 describit
1300 2710 1449 2785 poenam

278 2810 512 2887 adulatorum
538 2810 575 2883 in
598 2810 771 2906 generali.
798 2809 852 2883 Ad
877 2809 983 2883 cuius
1009 2809 1283 2905 intelligentiam
1304 2815 1360 2883 est
1382 2830 1450 2883 no-

279 2929 429 3003 tandum
456 2930 555 3024 quod
580 2937 689 3004 autor
713 2930 776 3004 dat
801 2929 1053 3006 adulatoribus
1082 2950 1231 3025 poenam
1263 2930 1452 3025 vitupero-

276 3071 357 3125 sam
384 3050 491 3124 nimis
517 3050 721 3125 secundum
748 3050 970 3145 exigentiam
997 3051 1162 3124 materiae
1188 3051 1305 3124 loedae.
1333 3049 1452 3147 Fingit

277 3171 374 3246 enim
401 3170 502 3264 quod
527 3169 583 3242 isti
608 3174 704 3242 stant
721 3169 901 3244 submersi
920 3169 956 3241 in
975 3154 1049 3243 rina
1067 3170 1162 3244 valle
1179 3170 1350 3244 stercoris
1367 3169 1452 3242 bul-

278 3292 408 3386 lientis,
434 3312 480 3365 ex
507 3312 581 3385 qua
613 3296 761 3364 emanat
791 3290 976 3364 maximus
1002 3291 1110 3364 loetor
1136 3295 1172 3364 et
1198 3289 1450 3383 intolerabilis,

279 3433 367 3486 nam
393 3412 499 3484 multi
523 3411 691 3486 doctores
723 3410 903 3505 appellant
931 3410 1179 3485 adulationem
1213 3411 1349 3485 oleum.
1375 3410 1453 3483 Au-

280 3538 339 3607 tor
364 3552 465 3625 vero,
483 3532 547 3625 qui
563 3532 631 3604 luit
650 3530 799 3626 rigiduS,
817 3538 859 3605 ut
882 3532 970 3606 Cato
997 3538 1140 3605 amator
1160 3531 1367 3624 honestade,
1385 3531 1453 3603 ba-

279 3652 359 3725 buit
384 3652 471 3725 istos
499 3650 546 3725 ad
580 3670 770 3723 summurn
804 3650 1008 3744 fastidium,
1034 3650 1115 3724 ideo
1149 3651 1243 3725 bene
1268 3648 1451 3725 convertit

280 3773 405 3847 oleum
437 3773 475 3844 iu
504 3777 661 3864 stercus3
688 3791 773 3844 nam
801 3770 923 3843 nullus
954 3770 1091 3844 lodiens
1116 3771 1154 3843 in
1186 3777 1361 3865 stercore,
1387 3776 1454 3843 aut

280 3913 442 3989 purgans
459 3893 608 3966 latrinas
625 3898 680 3966 est
700 3891 748 3965 ita
767 3890 1000 3965 fastidiendus
1025 3900 1063 3966 et
1087 3889 1233 3964 loetidus
1250 3891 1343 3964 sicut
1359 3890 1453 3963 adu-

281 4011 393 4107 lator3
424 4013 523 4088 unde
557 4013 623 4086 ista
650 4011 751 4087 vallis
777 4018 833 4085 est
862 4011 1023 4085 maxime
1056 4012 1164 4106 plena
1200 4010 1454 4085 meretricibus

281 4138 318 4206 et
336 4133 615 4228 joculatoribus,
638 4132 699 4227 qui
726 4131 887 4207 maxime
912 4132 1059 4207 student
1084 4131 1282 4206 adulationi
1307 4131 1355 4204 de
1380 4151 1454 4223 qua

282 4253 418 4327 rirnnt.
456 4253 526 4328 Sed
555 4262 664 4328 autor
694 4252 873 4348 condigne
906 4252 1011 4329 solvit
1045 4253 1108 4346 eis,
1143 4250 1285 4324 dicens:
1321 4252 1455 4345 quintii,

282 4373 372 4448 idest
391 4374 438 4448 de
467 4375 618 4449 introitu
644 4374 720 4448 sire
745 4372 920 4469 principio
945 4371 1094 4446 secundi
1119 4370 1249 4465 pontis,
1274 4374 1455 4445 sentimmo

344 4637 372 4701 (¹)
388 4638 419 4688 E.
435 4643 462 4689 et
477 4639 510 4689 de
525 4641 607 4703 poenb
623 4641 686 4691 eius.
956 4637 983 4703 ι’)
998 4637 1023 4689 S.
1039 4604 1066 4688 in
1081 4653 1135 4691 uno
1151 4639 1274 4703 capitulo.
